%YAML 1.1
%TAG !u! tag:unity3d.com,2011:
--- !u!1 &7170825076379551451
GameObject:
  m_ObjectHideFlags: 0
  m_CorrespondingSourceObject: {fileID: 0}
  m_PrefabInstance: {fileID: 0}
  m_PrefabAsset: {fileID: 0}
  serializedVersion: 6
  m_Component:
  - component: {fileID: 7170825076379551444}
  - component: {fileID: 7170825076379551447}
  - component: {fileID: 7170825076379551446}
  - component: {fileID: 7170825076379551449}
  - component: {fileID: 7170825076379551448}
  m_Layer: 0
  m_Name: Cube
  m_TagString: Untagged
  m_Icon: {fileID: 0}
  m_NavMeshLayer: 0
  m_StaticEditorFlags: 0
  m_IsActive: 1
--- !u!4 &7170825076379551444
Transform:
  m_ObjectHideFlags: 0
  m_CorrespondingSourceObject: {fileID: 0}
  m_PrefabInstance: {fileID: 0}
  m_PrefabAsset: {fileID: 0}
  m_GameObject: {fileID: 7170825076379551451}
  m_LocalRotation: {x: -0, y: -0, z: -0, w: 1}
  m_LocalPosition: {x: -8.659627, y: 1.6648598, z: -0.6808243}
  m_LocalScale: {x: 1, y: 1, z: 1}
  m_Children: []
  m_Father: {fileID: 7064032731114336882}
  m_RootOrder: 1
  m_LocalEulerAnglesHint: {x: 0, y: 0, z: 0}
--- !u!33 &7170825076379551447
MeshFilter:
  m_ObjectHideFlags: 0
  m_CorrespondingSourceObject: {fileID: 0}
  m_PrefabInstance: {fileID: 0}
  m_PrefabAsset: {fileID: 0}
  m_GameObject: {fileID: 7170825076379551451}
  m_Mesh: {fileID: 0}
--- !u!23 &7170825076379551446
MeshRenderer:
  m_ObjectHideFlags: 0
  m_CorrespondingSourceObject: {fileID: 0}
  m_PrefabInstance: {fileID: 0}
  m_PrefabAsset: {fileID: 0}
  m_GameObject: {fileID: 7170825076379551451}
  m_Enabled: 1
  m_CastShadows: 1
  m_ReceiveShadows: 1
  m_DynamicOccludee: 1
  m_MotionVectors: 1
  m_LightProbeUsage: 1
  m_ReflectionProbeUsage: 1
  m_RayTracingMode: 2
  m_RenderingLayerMask: 1
  m_RendererPriority: 0
  m_Materials:
  - {fileID: 2100000, guid: 25a9fb42d361f46ad89221f6d301e96e, type: 2}
  m_StaticBatchInfo:
    firstSubMesh: 0
    subMeshCount: 0
  m_StaticBatchRoot: {fileID: 0}
  m_ProbeAnchor: {fileID: 0}
  m_LightProbeVolumeOverride: {fileID: 0}
  m_ScaleInLightmap: 1
  m_ReceiveGI: 1
  m_PreserveUVs: 0
  m_IgnoreNormalsForChartDetection: 0
  m_ImportantGI: 0
  m_StitchLightmapSeams: 1
  m_SelectedEditorRenderState: 2
  m_MinimumChartSize: 4
  m_AutoUVMaxDistance: 0.5
  m_AutoUVMaxAngle: 89
  m_LightmapParameters: {fileID: 0}
  m_SortingLayerID: 0
  m_SortingLayer: 0
  m_SortingOrder: 0
--- !u!114 &7170825076379551449
MonoBehaviour:
  m_ObjectHideFlags: 0
  m_CorrespondingSourceObject: {fileID: 0}
  m_PrefabInstance: {fileID: 0}
  m_PrefabAsset: {fileID: 0}
  m_GameObject: {fileID: 7170825076379551451}
  m_Enabled: 1
  m_EditorHideFlags: 0
  m_Script: {fileID: 11500000, guid: 8233d90336aea43098adf6dbabd606a2, type: 3}
  m_Name: 
  m_EditorClassIdentifier: 
  m_MeshFormatVersion: 1
  m_Faces:
  - m_Indexes: 000000000100000002000000010000000300000002000000
    m_SmoothingGroup: 0
    m_Uv:
      m_UseWorldSpace: 0
      m_FlipU: 0
      m_FlipV: 0
      m_SwapUV: 0
      m_Fill: 1
      m_Scale: {x: 1, y: 1}
      m_Offset: {x: 0, y: 0}
      m_Rotation: 0
      m_Anchor: 9
    m_Material: {fileID: 0}
    m_SubmeshIndex: 0
    m_ManualUV: 0
    elementGroup: -1
    m_TextureGroup: -1
  - m_Indexes: 040000000500000006000000050000000700000006000000
    m_SmoothingGroup: 0
    m_Uv:
      m_UseWorldSpace: 0
      m_FlipU: 0
      m_FlipV: 0
      m_SwapUV: 0
      m_Fill: 1
      m_Scale: {x: 1, y: 1}
      m_Offset: {x: 0, y: 0}
      m_Rotation: 0
      m_Anchor: 9
    m_Material: {fileID: 0}
    m_SubmeshIndex: 0
    m_ManualUV: 0
    elementGroup: -1
    m_TextureGroup: -1
  - m_Indexes: 08000000090000000a000000090000000b0000000a000000
    m_SmoothingGroup: 0
    m_Uv:
      m_UseWorldSpace: 0
      m_FlipU: 0
      m_FlipV: 0
      m_SwapUV: 0
      m_Fill: 1
      m_Scale: {x: 1, y: 1}
      m_Offset: {x: 0, y: 0}
      m_Rotation: 0
      m_Anchor: 9
    m_Material: {fileID: 0}
    m_SubmeshIndex: 0
    m_ManualUV: 0
    elementGroup: -1
    m_TextureGroup: -1
  - m_Indexes: 0c0000000d0000000e0000000d0000000f0000000e000000
    m_SmoothingGroup: 0
    m_Uv:
      m_UseWorldSpace: 0
      m_FlipU: 0
      m_FlipV: 0
      m_SwapUV: 0
      m_Fill: 1
      m_Scale: {x: 1, y: 1}
      m_Offset: {x: 0, y: 0}
      m_Rotation: 0
      m_Anchor: 9
    m_Material: {fileID: 0}
    m_SubmeshIndex: 0
    m_ManualUV: 0
    elementGroup: -1
    m_TextureGroup: -1
  - m_Indexes: 100000001100000012000000110000001300000012000000
    m_SmoothingGroup: 0
    m_Uv:
      m_UseWorldSpace: 0
      m_FlipU: 0
      m_FlipV: 0
      m_SwapUV: 0
      m_Fill: 1
      m_Scale: {x: 1, y: 1}
      m_Offset: {x: 0, y: 0}
      m_Rotation: 0
      m_Anchor: 9
    m_Material: {fileID: 0}
    m_SubmeshIndex: 0
    m_ManualUV: 0
    elementGroup: -1
    m_TextureGroup: -1
  - m_Indexes: 140000001500000016000000150000001700000016000000
    m_SmoothingGroup: 0
    m_Uv:
      m_UseWorldSpace: 0
      m_FlipU: 0
      m_FlipV: 0
      m_SwapUV: 0
      m_Fill: 1
      m_Scale: {x: 1, y: 1}
      m_Offset: {x: 0, y: 0}
      m_Rotation: 0
      m_Anchor: 9
    m_Material: {fileID: 0}
    m_SubmeshIndex: 0
    m_ManualUV: 0
    elementGroup: -1
    m_TextureGroup: -1
  - m_Indexes: 18000000190000001a000000190000001b0000001a000000
    m_SmoothingGroup: 0
    m_Uv:
      m_UseWorldSpace: 0
      m_FlipU: 0
      m_FlipV: 0
      m_SwapUV: 0
      m_Fill: 1
      m_Scale: {x: 1, y: 1}
      m_Offset: {x: 0, y: 0}
      m_Rotation: 0
      m_Anchor: 9
    m_Material: {fileID: 0}
    m_SubmeshIndex: 0
    m_ManualUV: 0
    elementGroup: -1
    m_TextureGroup: -1
  - m_Indexes: 1c0000001d0000001e0000001d0000001f0000001e000000
    m_SmoothingGroup: 0
    m_Uv:
      m_UseWorldSpace: 0
      m_FlipU: 0
      m_FlipV: 0
      m_SwapUV: 0
      m_Fill: 1
      m_Scale: {x: 1, y: 1}
      m_Offset: {x: 0, y: 0}
      m_Rotation: 0
      m_Anchor: 9
    m_Material: {fileID: 0}
    m_SubmeshIndex: 0
    m_ManualUV: 0
    elementGroup: -1
    m_TextureGroup: -1
  - m_Indexes: 200000002100000022000000210000002300000022000000
    m_SmoothingGroup: 0
    m_Uv:
      m_UseWorldSpace: 0
      m_FlipU: 0
      m_FlipV: 0
      m_SwapUV: 0
      m_Fill: 1
      m_Scale: {x: 1, y: 1}
      m_Offset: {x: 0, y: 0}
      m_Rotation: 0
      m_Anchor: 9
    m_Material: {fileID: 0}
    m_SubmeshIndex: 0
    m_ManualUV: 0
    elementGroup: -1
    m_TextureGroup: -1
  - m_Indexes: 240000002500000026000000250000002700000026000000
    m_SmoothingGroup: 0
    m_Uv:
      m_UseWorldSpace: 0
      m_FlipU: 0
      m_FlipV: 0
      m_SwapUV: 0
      m_Fill: 1
      m_Scale: {x: 1, y: 1}
      m_Offset: {x: 0, y: 0}
      m_Rotation: 0
      m_Anchor: 9
    m_Material: {fileID: 0}
    m_SubmeshIndex: 0
    m_ManualUV: 0
    elementGroup: -1
    m_TextureGroup: -1
  - m_Indexes: 28000000290000002a000000290000002b0000002a000000
    m_SmoothingGroup: 0
    m_Uv:
      m_UseWorldSpace: 0
      m_FlipU: 0
      m_FlipV: 0
      m_SwapUV: 0
      m_Fill: 1
      m_Scale: {x: 1, y: 1}
      m_Offset: {x: 0, y: 0}
      m_Rotation: 0
      m_Anchor: 9
    m_Material: {fileID: 0}
    m_SubmeshIndex: 0
    m_ManualUV: 0
    elementGroup: -1
    m_TextureGroup: -1
  - m_Indexes: 2c0000002d0000002e0000002d0000002f0000002e000000
    m_SmoothingGroup: 0
    m_Uv:
      m_UseWorldSpace: 0
      m_FlipU: 0
      m_FlipV: 0
      m_SwapUV: 0
      m_Fill: 1
      m_Scale: {x: 1, y: 1}
      m_Offset: {x: 0, y: 0}
      m_Rotation: 0
      m_Anchor: 9
    m_Material: {fileID: 0}
    m_SubmeshIndex: 0
    m_ManualUV: 0
    elementGroup: -1
    m_TextureGroup: -1
  - m_Indexes: 300000003100000032000000310000003300000032000000
    m_SmoothingGroup: 0
    m_Uv:
      m_UseWorldSpace: 0
      m_FlipU: 0
      m_FlipV: 0
      m_SwapUV: 0
      m_Fill: 1
      m_Scale: {x: 1, y: 1}
      m_Offset: {x: 0, y: 0}
      m_Rotation: 0
      m_Anchor: 9
    m_Material: {fileID: 0}
    m_SubmeshIndex: 0
    m_ManualUV: 0
    elementGroup: -1
    m_TextureGroup: -1
  - m_Indexes: 340000003500000036000000350000003700000036000000
    m_SmoothingGroup: 0
    m_Uv:
      m_UseWorldSpace: 0
      m_FlipU: 0
      m_FlipV: 0
      m_SwapUV: 0
      m_Fill: 1
      m_Scale: {x: 1, y: 1}
      m_Offset: {x: 0, y: 0}
      m_Rotation: 0
      m_Anchor: 9
    m_Material: {fileID: 0}
    m_SubmeshIndex: 0
    m_ManualUV: 0
    elementGroup: -1
    m_TextureGroup: -1
  - m_Indexes: 38000000390000003a000000390000003b0000003a000000
    m_SmoothingGroup: 0
    m_Uv:
      m_UseWorldSpace: 0
      m_FlipU: 0
      m_FlipV: 0
      m_SwapUV: 0
      m_Fill: 1
      m_Scale: {x: 1, y: 1}
      m_Offset: {x: 0, y: 0}
      m_Rotation: 0
      m_Anchor: 9
    m_Material: {fileID: 0}
    m_SubmeshIndex: 0
    m_ManualUV: 0
    elementGroup: -1
    m_TextureGroup: -1
  - m_Indexes: 3c0000003d0000003e0000003d0000003f0000003e000000
    m_SmoothingGroup: 0
    m_Uv:
      m_UseWorldSpace: 0
      m_FlipU: 0
      m_FlipV: 0
      m_SwapUV: 0
      m_Fill: 1
      m_Scale: {x: 1, y: 1}
      m_Offset: {x: 0, y: 0}
      m_Rotation: 0
      m_Anchor: 9
    m_Material: {fileID: 0}
    m_SubmeshIndex: 0
    m_ManualUV: 0
    elementGroup: -1
    m_TextureGroup: -1
  - m_Indexes: 400000004100000042000000410000004300000042000000
    m_SmoothingGroup: 0
    m_Uv:
      m_UseWorldSpace: 0
      m_FlipU: 0
      m_FlipV: 0
      m_SwapUV: 0
      m_Fill: 1
      m_Scale: {x: 1, y: 1}
      m_Offset: {x: 0, y: 0}
      m_Rotation: 0
      m_Anchor: 9
    m_Material: {fileID: 0}
    m_SubmeshIndex: 0
    m_ManualUV: 0
    elementGroup: -1
    m_TextureGroup: -1
  - m_Indexes: 440000004500000046000000450000004700000046000000
    m_SmoothingGroup: 0
    m_Uv:
      m_UseWorldSpace: 0
      m_FlipU: 0
      m_FlipV: 0
      m_SwapUV: 0
      m_Fill: 1
      m_Scale: {x: 1, y: 1}
      m_Offset: {x: 0, y: 0}
      m_Rotation: 0
      m_Anchor: 9
    m_Material: {fileID: 0}
    m_SubmeshIndex: 0
    m_ManualUV: 0
    elementGroup: -1
    m_TextureGroup: -1
  m_SharedVertices:
  - m_Vertices: 000000000d00000016000000
  - m_Vertices: 0100000017000000180000003900000040000000
  - m_Vertices: 1d0000003b00000042000000
  - m_Vertices: 040000001a0000004100000044000000
  - m_Vertices: 1f0000004300000046000000
  - m_Vertices: 020000000f00000010000000
  - m_Vertices: 030000001100000025000000380000003d000000
  - m_Vertices: 1c0000003a0000003f000000
  - m_Vertices: 06000000270000003c00000045000000
  - m_Vertices: 1e0000003e00000047000000
  - m_Vertices: 050000001b0000002c00000035000000
  - m_Vertices: 220000002e00000037000000
  - m_Vertices: 080000001500000019000000280000002d000000
  - m_Vertices: 200000002a0000002f000000
  - m_Vertices: 07000000260000003100000034000000
  - m_Vertices: 230000003300000036000000
  - m_Vertices: 0a00000013000000240000002900000030000000
  - m_Vertices: 210000002b00000032000000
  - m_Vertices: 090000000c00000014000000
  - m_Vertices: 0b0000000e00000012000000
  m_SharedTextures: []
  m_Positions:
  - {x: 0, y: 0, z: 0}
  - {x: 0.55, y: 0, z: 0}
  - {x: 0, y: 0.3, z: 0}
  - {x: 0.55, y: 0.3, z: 0}
  - {x: 8.05, y: 0, z: 0}
  - {x: 8.05, y: 0, z: -2}
  - {x: 8.05, y: 0.29999995, z: 0}
  - {x: 8.05, y: 0.29999995, z: -2}
  - {x: 0.54999995, y: 0, z: -2}
  - {x: 0, y: 0, z: -2}
  - {x: 0.54999995, y: 0.29999995, z: -2}
  - {x: 0, y: 0.29999995, z: -2}
  - {x: 0, y: 0, z: -2}
  - {x: 0, y: 0, z: 0}
  - {x: 0, y: 0.29999995, z: -2}
  - {x: 0, y: 0.3, z: 0}
  - {x: 0, y: 0.3, z: 0}
  - {x: 0.55, y: 0.3, z: 0}
  - {x: 0, y: 0.29999995, z: -2}
  - {x: 0.54999995, y: 0.29999995, z: -2}
  - {x: 0, y: 0, z: -2}
  - {x: 0.54999995, y: 0, z: -2}
  - {x: 0, y: 0, z: 0}
  - {x: 0.55, y: 0, z: 0}
  - {x: 0.55, y: 0, z: 0}
  - {x: 0.54999995, y: 0, z: -2}
  - {x: 8.05, y: 0, z: 0}
  - {x: 8.05, y: 0, z: -2}
  - {x: 0.54999995, y: 0.29999995, z: 2}
  - {x: 0.54999995, y: 0, z: 2}
  - {x: 8.05, y: 0.29999995, z: 2}
  - {x: 8.05, y: 0, z: 2}
  - {x: 0.54999995, y: 0, z: -4}
  - {x: 0.54999995, y: 0.29999995, z: -4}
  - {x: 8.05, y: 0, z: -4}
  - {x: 8.05, y: 0.29999995, z: -4}
  - {x: 0.54999995, y: 0.29999995, z: -2}
  - {x: 0.55, y: 0.3, z: 0}
  - {x: 8.05, y: 0.29999995, z: -2}
  - {x: 8.05, y: 0.29999995, z: 0}
  - {x: 0.54999995, y: 0, z: -2}
  - {x: 0.54999995, y: 0.29999995, z: -2}
  - {x: 0.54999995, y: 0, z: -4}
  - {x: 0.54999995, y: 0.29999995, z: -4}
  - {x: 8.05, y: 0, z: -2}
  - {x: 0.54999995, y: 0, z: -2}
  - {x: 8.05, y: 0, z: -4}
  - {x: 0.54999995, y: 0, z: -4}
  - {x: 0.54999995, y: 0.29999995, z: -2}
  - {x: 8.05, y: 0.29999995, z: -2}
  - {x: 0.54999995, y: 0.29999995, z: -4}
  - {x: 8.05, y: 0.29999995, z: -4}
  - {x: 8.05, y: 0.29999995, z: -2}
  - {x: 8.05, y: 0, z: -2}
  - {x: 8.05, y: 0.29999995, z: -4}
  - {x: 8.05, y: 0, z: -4}
  - {x: 0.55, y: 0.3, z: 0}
  - {x: 0.55, y: 0, z: 0}
  - {x: 0.54999995, y: 0.29999995, z: 2}
  - {x: 0.54999995, y: 0, z: 2}
  - {x: 8.05, y: 0.29999995, z: 0}
  - {x: 0.55, y: 0.3, z: 0}
  - {x: 8.05, y: 0.29999995, z: 2}
  - {x: 0.54999995, y: 0.29999995, z: 2}
  - {x: 0.55, y: 0, z: 0}
  - {x: 8.05, y: 0, z: 0}
  - {x: 0.54999995, y: 0, z: 2}
  - {x: 8.05, y: 0, z: 2}
  - {x: 8.05, y: 0, z: 0}
  - {x: 8.05, y: 0.29999995, z: 0}
  - {x: 8.05, y: 0, z: 2}
  - {x: 8.05, y: 0.29999995, z: 2}
  m_Textures0:
  - {x: 0, y: 0}
  - {x: -0.55, y: 0}
  - {x: 0, y: 0.3}
  - {x: -0.55, y: 0.3}
  - {x: 0, y: 0}
  - {x: -2, y: 0}
  - {x: 0, y: 0.29999995}
  - {x: -2, y: 0.29999995}
  - {x: 0.54999995, y: 0}
  - {x: 0, y: 0}
  - {x: 0.54999995, y: 0.29999995}
  - {x: 0, y: 0.29999995}
  - {x: 2, y: 0}
  - {x: 0, y: 0}
  - {x: 2, y: 0.29999995}
  - {x: 0, y: 0.3}
  - {x: 0, y: 0.000000008940697}
  - {x: 0.55, y: 0.000000008940697}
  - {x: 0, y: -2}
  - {x: 0.54999995, y: -2}
  - {x: 0, y: -2}
  - {x: -0.54999995, y: -2}
  - {x: 0, y: 0}
  - {x: -0.55, y: 0}
  - {x: -0.55, y: 0}
  - {x: -0.54999995, y: -2}
  - {x: -8.05, y: 0}
  - {x: -8.05, y: -2}
  - {x: -0.54999995, y: 0.29999995}
  - {x: -0.54999995, y: 0}
  - {x: -8.05, y: 0.29999995}
  - {x: -8.05, y: 0}
  - {x: 0.54999995, y: 0}
  - {x: 0.54999995, y: 0.29999995}
  - {x: 8.05, y: 0}
  - {x: 8.05, y: 0.29999995}
  - {x: 0.54999995, y: -2}
  - {x: 0.55, y: 0.000000008940697}
  - {x: 8.05, y: -2}
  - {x: 8.05, y: 0.000000008940695}
  - {x: 2, y: 0}
  - {x: 2, y: 0.29999995}
  - {x: 4, y: 0}
  - {x: 4, y: 0.29999995}
  - {x: -8.05, y: -2}
  - {x: -0.54999995, y: -2}
  - {x: -8.05, y: -4}
  - {x: -0.54999995, y: -4}
  - {x: 0.54999995, y: -2}
  - {x: 8.05, y: -2}
  - {x: 0.54999995, y: -4}
  - {x: 8.05, y: -4}
  - {x: -2, y: 0.29999995}
  - {x: -2, y: 0}
  - {x: -4, y: 0.29999995}
  - {x: -4, y: 0}
  - {x: 0.000000016391278, y: 0.3}
  - {x: 0.000000016391278, y: 0}
  - {x: -2, y: 0.29999995}
  - {x: -2, y: 0}
  - {x: 8.05, y: 0}
  - {x: 0.55, y: 0}
  - {x: 8.05, y: 2}
  - {x: 0.54999995, y: 2}
  - {x: -0.55, y: 0}
  - {x: -8.05, y: 0}
  - {x: -0.54999995, y: 2}
  - {x: -8.05, y: 2}
  - {x: 0, y: 0}
  - {x: 0, y: 0.29999995}
  - {x: 2, y: 0}
  - {x: 2, y: 0.29999995}
  m_Textures2: []
  m_Textures3: []
  m_Tangents:
  - {x: -1, y: 0, z: 0, w: -1}
  - {x: -1, y: 0, z: 0, w: -1}
  - {x: -1, y: 0, z: 0, w: -1}
  - {x: -1, y: 0, z: 0, w: -1}
  - {x: 0, y: 0, z: 1, w: -1}
  - {x: 0, y: 0, z: 1, w: -1}
  - {x: 0, y: 0, z: 1, w: -1}
  - {x: 0, y: 0, z: 1, w: -1}
  - {x: 1, y: 0, z: 0, w: -1}
  - {x: 1, y: 0, z: 0, w: -1}
  - {x: 1, y: 0, z: 0, w: -1}
  - {x: 1, y: 0, z: 0, w: -1}
  - {x: 0, y: 0, z: -1, w: -1}
  - {x: 0, y: 0, z: -1, w: -1}
  - {x: 0, y: 0, z: -1, w: -1}
  - {x: 0, y: 0, z: -1, w: -1}
  - {x: 1, y: 0, z: 0, w: -1}
  - {x: 1, y: 0, z: 0, w: -1}
  - {x: 1, y: 0, z: 0, w: -1}
  - {x: 1, y: 0, z: 0, w: -1}
  - {x: -1, y: 0, z: 0, w: -1}
  - {x: -1, y: 0, z: 0, w: -1}
  - {x: -1, y: 0, z: 0, w: -1}
  - {x: -1, y: 0, z: 0, w: -1}
  - {x: -1, y: 0, z: 0, w: -1}
  - {x: -1, y: 0, z: 0, w: -1}
  - {x: -1, y: 0, z: 0, w: -1}
  - {x: -1, y: 0, z: 0, w: -1}
  - {x: -1, y: 0, z: 0, w: -1}
  - {x: -1, y: 0, z: 0, w: -1}
  - {x: -1, y: 0, z: 0, w: -1}
  - {x: -1, y: 0, z: 0, w: -1}
  - {x: 1, y: 0, z: 0, w: -1}
  - {x: 1, y: 0, z: 0, w: -1}
  - {x: 1, y: 0, z: 0, w: -1}
  - {x: 1, y: 0, z: 0, w: -1}
  - {x: 1, y: 0, z: 0, w: -1}
  - {x: 1, y: -0.000000003973643, z: 1.184238e-16, w: -1}
  - {x: 1, y: -0.000000003973643, z: 1.184238e-16, w: -1}
  - {x: 1, y: -0.000000007947286, z: 2.368476e-16, w: -1}
  - {x: 0, y: 0, z: -1, w: -1}
  - {x: 0, y: 0, z: -1, w: -1}
  - {x: 0, y: 0, z: -1, w: -1}
  - {x: 0, y: 0, z: -1, w: -1}
  - {x: -1, y: 0, z: 0, w: -1}
  - {x: -1, y: 0, z: 0, w: -1}
  - {x: -1, y: 0, z: 0, w: -1}
  - {x: -1, y: 0, z: 0, w: -1}
  - {x: 1, y: 0, z: 0, w: -1}
  - {x: 1, y: 0, z: 0, w: -1}
  - {x: 1, y: 0, z: 0, w: -1}
  - {x: 1, y: 0, z: 0, w: -1}
  - {x: 0, y: 0, z: 1, w: -1}
  - {x: 0, y: 0, z: 1, w: -1}
  - {x: 0, y: 0, z: 1, w: -1}
  - {x: 0, y: 0, z: 1, w: -1}
  - {x: 0.000000029802322, y: 0, z: -1, w: -1}
  - {x: 0.000000029802322, y: 0, z: -1, w: -1}
  - {x: 0.000000029802322, y: 0, z: -1, w: -1}
  - {x: 0.000000029802322, y: 0, z: -1, w: -1}
  - {x: 1, y: -0.000000007947286, z: 0, w: -1}
  - {x: 1, y: -0.000000003973643, z: 0, w: -1}
  - {x: 1, y: -0.000000003973643, z: 0, w: -1}
  - {x: 1, y: 0, z: 0, w: -1}
  - {x: -1, y: 0, z: 0, w: -1}
  - {x: -1, y: 0, z: 0, w: -1}
  - {x: -1, y: 0, z: 0, w: -1}
  - {x: -1, y: 0, z: 0, w: -1}
  - {x: 0, y: 0, z: 1, w: -1}
  - {x: 0, y: 0, z: 1, w: -1}
  - {x: 0, y: 0, z: 1, w: -1}
  - {x: 0, y: 0, z: 1, w: -1}
  m_Colors: []
  m_UnwrapParameters:
    m_HardAngle: 88
    m_PackMargin: 20
    m_AngleError: 8
    m_AreaError: 15
  m_PreserveMeshAssetOnDestroy: 0
  assetGuid: 
  m_IsSelectable: 1
  m_SelectedFaces: 
  m_SelectedEdges: []
  m_SelectedVertices: 
--- !u!64 &7170825076379551448
MeshCollider:
  m_ObjectHideFlags: 0
  m_CorrespondingSourceObject: {fileID: 0}
  m_PrefabInstance: {fileID: 0}
  m_PrefabAsset: {fileID: 0}
  m_GameObject: {fileID: 7170825076379551451}
  m_Material: {fileID: 0}
  m_IsTrigger: 0
  m_Enabled: 1
  serializedVersion: 4
  m_Convex: 0
  m_CookingOptions: 30
  m_Mesh: {fileID: 0}
--- !u!1 &7170825077598715961
GameObject:
  m_ObjectHideFlags: 0
  m_CorrespondingSourceObject: {fileID: 0}
  m_PrefabInstance: {fileID: 0}
  m_PrefabAsset: {fileID: 0}
  serializedVersion: 6
  m_Component:
  - component: {fileID: 7170825077598715954}
  - component: {fileID: 7170825077598715957}
  - component: {fileID: 7170825077598715956}
  - component: {fileID: 7170825077598715959}
  - component: {fileID: 7170825077598715958}
  m_Layer: 0
  m_Name: Cube
  m_TagString: Untagged
  m_Icon: {fileID: 0}
  m_NavMeshLayer: 0
  m_StaticEditorFlags: 0
  m_IsActive: 1
--- !u!4 &7170825077598715954
Transform:
  m_ObjectHideFlags: 0
  m_CorrespondingSourceObject: {fileID: 0}
  m_PrefabInstance: {fileID: 0}
  m_PrefabAsset: {fileID: 0}
  m_GameObject: {fileID: 7170825077598715961}
  m_LocalRotation: {x: -0, y: -0, z: -0, w: 1}
  m_LocalPosition: {x: -8.659627, y: 1.9148598, z: 7.0691757}
  m_LocalScale: {x: 1, y: 1, z: 1}
  m_Children: []
  m_Father: {fileID: 7064032731114336882}
  m_RootOrder: 2
  m_LocalEulerAnglesHint: {x: 0, y: 0, z: 0}
--- !u!33 &7170825077598715957
MeshFilter:
  m_ObjectHideFlags: 0
  m_CorrespondingSourceObject: {fileID: 0}
  m_PrefabInstance: {fileID: 0}
  m_PrefabAsset: {fileID: 0}
  m_GameObject: {fileID: 7170825077598715961}
  m_Mesh: {fileID: 0}
--- !u!23 &7170825077598715956
MeshRenderer:
  m_ObjectHideFlags: 0
  m_CorrespondingSourceObject: {fileID: 0}
  m_PrefabInstance: {fileID: 0}
  m_PrefabAsset: {fileID: 0}
  m_GameObject: {fileID: 7170825077598715961}
  m_Enabled: 1
  m_CastShadows: 1
  m_ReceiveShadows: 1
  m_DynamicOccludee: 1
  m_MotionVectors: 1
  m_LightProbeUsage: 1
  m_ReflectionProbeUsage: 1
  m_RayTracingMode: 2
  m_RenderingLayerMask: 1
  m_RendererPriority: 0
  m_Materials:
  - {fileID: 2100000, guid: 25a9fb42d361f46ad89221f6d301e96e, type: 2}
  m_StaticBatchInfo:
    firstSubMesh: 0
    subMeshCount: 0
  m_StaticBatchRoot: {fileID: 0}
  m_ProbeAnchor: {fileID: 0}
  m_LightProbeVolumeOverride: {fileID: 0}
  m_ScaleInLightmap: 1
  m_ReceiveGI: 1
  m_PreserveUVs: 0
  m_IgnoreNormalsForChartDetection: 0
  m_ImportantGI: 0
  m_StitchLightmapSeams: 1
  m_SelectedEditorRenderState: 2
  m_MinimumChartSize: 4
  m_AutoUVMaxDistance: 0.5
  m_AutoUVMaxAngle: 89
  m_LightmapParameters: {fileID: 0}
  m_SortingLayerID: 0
  m_SortingLayer: 0
  m_SortingOrder: 0
--- !u!114 &7170825077598715959
MonoBehaviour:
  m_ObjectHideFlags: 0
  m_CorrespondingSourceObject: {fileID: 0}
  m_PrefabInstance: {fileID: 0}
  m_PrefabAsset: {fileID: 0}
  m_GameObject: {fileID: 7170825077598715961}
  m_Enabled: 1
  m_EditorHideFlags: 0
  m_Script: {fileID: 11500000, guid: 8233d90336aea43098adf6dbabd606a2, type: 3}
  m_Name: 
  m_EditorClassIdentifier: 
  m_MeshFormatVersion: 1
  m_Faces:
  - m_Indexes: 000000000100000002000000010000000300000002000000
    m_SmoothingGroup: 0
    m_Uv:
      m_UseWorldSpace: 0
      m_FlipU: 0
      m_FlipV: 0
      m_SwapUV: 0
      m_Fill: 1
      m_Scale: {x: 1, y: 1}
      m_Offset: {x: 0, y: 0}
      m_Rotation: 0
      m_Anchor: 9
    m_Material: {fileID: 0}
    m_SubmeshIndex: 0
    m_ManualUV: 0
    elementGroup: -1
    m_TextureGroup: -1
  - m_Indexes: 040000000500000006000000050000000700000006000000
    m_SmoothingGroup: 0
    m_Uv:
      m_UseWorldSpace: 0
      m_FlipU: 0
      m_FlipV: 0
      m_SwapUV: 0
      m_Fill: 1
      m_Scale: {x: 1, y: 1}
      m_Offset: {x: 0, y: 0}
      m_Rotation: 0
      m_Anchor: 9
    m_Material: {fileID: 0}
    m_SubmeshIndex: 0
    m_ManualUV: 0
    elementGroup: -1
    m_TextureGroup: -1
  - m_Indexes: 08000000090000000a000000090000000b0000000a000000
    m_SmoothingGroup: 0
    m_Uv:
      m_UseWorldSpace: 0
      m_FlipU: 0
      m_FlipV: 0
      m_SwapUV: 0
      m_Fill: 1
      m_Scale: {x: 1, y: 1}
      m_Offset: {x: 0, y: 0}
      m_Rotation: 0
      m_Anchor: 9
    m_Material: {fileID: 0}
    m_SubmeshIndex: 0
    m_ManualUV: 0
    elementGroup: -1
    m_TextureGroup: -1
  - m_Indexes: 0c0000000d0000000e0000000d0000000f0000000e000000
    m_SmoothingGroup: 0
    m_Uv:
      m_UseWorldSpace: 0
      m_FlipU: 0
      m_FlipV: 0
      m_SwapUV: 0
      m_Fill: 1
      m_Scale: {x: 1, y: 1}
      m_Offset: {x: 0, y: 0}
      m_Rotation: 0
      m_Anchor: 9
    m_Material: {fileID: 0}
    m_SubmeshIndex: 0
    m_ManualUV: 0
    elementGroup: -1
    m_TextureGroup: -1
  - m_Indexes: 100000001100000012000000110000001300000012000000
    m_SmoothingGroup: 0
    m_Uv:
      m_UseWorldSpace: 0
      m_FlipU: 0
      m_FlipV: 0
      m_SwapUV: 0
      m_Fill: 1
      m_Scale: {x: 1, y: 1}
      m_Offset: {x: 0, y: 0}
      m_Rotation: 0
      m_Anchor: 9
    m_Material: {fileID: 0}
    m_SubmeshIndex: 0
    m_ManualUV: 0
    elementGroup: -1
    m_TextureGroup: -1
  - m_Indexes: 140000001500000016000000150000001700000016000000
    m_SmoothingGroup: 0
    m_Uv:
      m_UseWorldSpace: 0
      m_FlipU: 0
      m_FlipV: 0
      m_SwapUV: 0
      m_Fill: 1
      m_Scale: {x: 1, y: 1}
      m_Offset: {x: 0, y: 0}
      m_Rotation: 0
      m_Anchor: 9
    m_Material: {fileID: 0}
    m_SubmeshIndex: 0
    m_ManualUV: 0
    elementGroup: -1
    m_TextureGroup: -1
  - m_Indexes: 18000000190000001a000000190000001b0000001a000000
    m_SmoothingGroup: 0
    m_Uv:
      m_UseWorldSpace: 0
      m_FlipU: 0
      m_FlipV: 0
      m_SwapUV: 0
      m_Fill: 1
      m_Scale: {x: 1, y: 1}
      m_Offset: {x: 0, y: 0}
      m_Rotation: 0
      m_Anchor: 9
    m_Material: {fileID: 0}
    m_SubmeshIndex: 0
    m_ManualUV: 0
    elementGroup: -1
    m_TextureGroup: -1
  - m_Indexes: 1c0000001d0000001e0000001d0000001f0000001e000000
    m_SmoothingGroup: 0
    m_Uv:
      m_UseWorldSpace: 0
      m_FlipU: 0
      m_FlipV: 0
      m_SwapUV: 0
      m_Fill: 1
      m_Scale: {x: 1, y: 1}
      m_Offset: {x: 0, y: 0}
      m_Rotation: 0
      m_Anchor: 9
    m_Material: {fileID: 0}
    m_SubmeshIndex: 0
    m_ManualUV: 0
    elementGroup: -1
    m_TextureGroup: -1
  - m_Indexes: 200000002100000022000000210000002300000022000000
    m_SmoothingGroup: 0
    m_Uv:
      m_UseWorldSpace: 0
      m_FlipU: 0
      m_FlipV: 0
      m_SwapUV: 0
      m_Fill: 1
      m_Scale: {x: 1, y: 1}
      m_Offset: {x: 0, y: 0}
      m_Rotation: 0
      m_Anchor: 9
    m_Material: {fileID: 0}
    m_SubmeshIndex: 0
    m_ManualUV: 0
    elementGroup: -1
    m_TextureGroup: -1
  - m_Indexes: 240000002500000026000000250000002700000026000000
    m_SmoothingGroup: 0
    m_Uv:
      m_UseWorldSpace: 0
      m_FlipU: 0
      m_FlipV: 0
      m_SwapUV: 0
      m_Fill: 1
      m_Scale: {x: 1, y: 1}
      m_Offset: {x: 0, y: 0}
      m_Rotation: 0
      m_Anchor: 9
    m_Material: {fileID: 0}
    m_SubmeshIndex: 0
    m_ManualUV: 0
    elementGroup: -1
    m_TextureGroup: -1
  - m_Indexes: 28000000290000002a000000290000002b0000002a000000
    m_SmoothingGroup: 0
    m_Uv:
      m_UseWorldSpace: 0
      m_FlipU: 0
      m_FlipV: 0
      m_SwapUV: 0
      m_Fill: 1
      m_Scale: {x: 1, y: 1}
      m_Offset: {x: 0, y: 0}
      m_Rotation: 0
      m_Anchor: 9
    m_Material: {fileID: 0}
    m_SubmeshIndex: 0
    m_ManualUV: 0
    elementGroup: -1
    m_TextureGroup: -1
  - m_Indexes: 2c0000002d0000002e0000002d0000002f0000002e000000
    m_SmoothingGroup: 0
    m_Uv:
      m_UseWorldSpace: 0
      m_FlipU: 0
      m_FlipV: 0
      m_SwapUV: 0
      m_Fill: 1
      m_Scale: {x: 1, y: 1}
      m_Offset: {x: 0, y: 0}
      m_Rotation: 0
      m_Anchor: 9
    m_Material: {fileID: 0}
    m_SubmeshIndex: 0
    m_ManualUV: 0
    elementGroup: -1
    m_TextureGroup: -1
  - m_Indexes: 300000003100000032000000310000003300000032000000
    m_SmoothingGroup: 0
    m_Uv:
      m_UseWorldSpace: 0
      m_FlipU: 0
      m_FlipV: 0
      m_SwapUV: 0
      m_Fill: 1
      m_Scale: {x: 1, y: 1}
      m_Offset: {x: 0, y: 0}
      m_Rotation: 0
      m_Anchor: 9
    m_Material: {fileID: 0}
    m_SubmeshIndex: 0
    m_ManualUV: 0
    elementGroup: -1
    m_TextureGroup: -1
  - m_Indexes: 340000003500000036000000350000003700000036000000
    m_SmoothingGroup: 0
    m_Uv:
      m_UseWorldSpace: 0
      m_FlipU: 0
      m_FlipV: 0
      m_SwapUV: 0
      m_Fill: 1
      m_Scale: {x: 1, y: 1}
      m_Offset: {x: 0, y: 0}
      m_Rotation: 0
      m_Anchor: 9
    m_Material: {fileID: 0}
    m_SubmeshIndex: 0
    m_ManualUV: 0
    elementGroup: -1
    m_TextureGroup: -1
  - m_Indexes: 38000000390000003a000000390000003b0000003a000000
    m_SmoothingGroup: 0
    m_Uv:
      m_UseWorldSpace: 0
      m_FlipU: 0
      m_FlipV: 0
      m_SwapUV: 0
      m_Fill: 1
      m_Scale: {x: 1, y: 1}
      m_Offset: {x: 0, y: 0}
      m_Rotation: 0
      m_Anchor: 9
    m_Material: {fileID: 0}
    m_SubmeshIndex: 0
    m_ManualUV: 0
    elementGroup: -1
    m_TextureGroup: -1
  - m_Indexes: 3c0000003d0000003e0000003d0000003f0000003e000000
    m_SmoothingGroup: 0
    m_Uv:
      m_UseWorldSpace: 0
      m_FlipU: 0
      m_FlipV: 0
      m_SwapUV: 0
      m_Fill: 1
      m_Scale: {x: 1, y: 1}
      m_Offset: {x: 0, y: 0}
      m_Rotation: 0
      m_Anchor: 9
    m_Material: {fileID: 0}
    m_SubmeshIndex: 0
    m_ManualUV: 0
    elementGroup: -1
    m_TextureGroup: -1
  - m_Indexes: 400000004100000042000000410000004300000042000000
    m_SmoothingGroup: 0
    m_Uv:
      m_UseWorldSpace: 0
      m_FlipU: 0
      m_FlipV: 0
      m_SwapUV: 0
      m_Fill: 1
      m_Scale: {x: 1, y: 1}
      m_Offset: {x: 0, y: 0}
      m_Rotation: 0
      m_Anchor: 9
    m_Material: {fileID: 0}
    m_SubmeshIndex: 0
    m_ManualUV: 0
    elementGroup: -1
    m_TextureGroup: -1
  - m_Indexes: 440000004500000046000000450000004700000046000000
    m_SmoothingGroup: 0
    m_Uv:
      m_UseWorldSpace: 0
      m_FlipU: 0
      m_FlipV: 0
      m_SwapUV: 0
      m_Fill: 1
      m_Scale: {x: 1, y: 1}
      m_Offset: {x: 0, y: 0}
      m_Rotation: 0
      m_Anchor: 9
    m_Material: {fileID: 0}
    m_SubmeshIndex: 0
    m_ManualUV: 0
    elementGroup: -1
    m_TextureGroup: -1
  - m_Indexes: 48000000490000004a000000490000004b0000004a000000
    m_SmoothingGroup: 0
    m_Uv:
      m_UseWorldSpace: 0
      m_FlipU: 0
      m_FlipV: 0
      m_SwapUV: 0
      m_Fill: 1
      m_Scale: {x: 1, y: 1}
      m_Offset: {x: 0, y: 0}
      m_Rotation: 0
      m_Anchor: 9
    m_Material: {fileID: 0}
    m_SubmeshIndex: 0
    m_ManualUV: 0
    elementGroup: -1
    m_TextureGroup: -1
  - m_Indexes: 4c0000004d0000004e0000004d0000004f0000004e000000
    m_SmoothingGroup: 0
    m_Uv:
      m_UseWorldSpace: 0
      m_FlipU: 0
      m_FlipV: 0
      m_SwapUV: 0
      m_Fill: 1
      m_Scale: {x: 1, y: 1}
      m_Offset: {x: 0, y: 0}
      m_Rotation: 0
      m_Anchor: 9
    m_Material: {fileID: 0}
    m_SubmeshIndex: 0
    m_ManualUV: 0
    elementGroup: -1
    m_TextureGroup: -1
  - m_Indexes: 500000005100000052000000510000005300000052000000
    m_SmoothingGroup: 0
    m_Uv:
      m_UseWorldSpace: 0
      m_FlipU: 0
      m_FlipV: 0
      m_SwapUV: 0
      m_Fill: 1
      m_Scale: {x: 1, y: 1}
      m_Offset: {x: 0, y: 0}
      m_Rotation: 0
      m_Anchor: 9
    m_Material: {fileID: 0}
    m_SubmeshIndex: 0
    m_ManualUV: 0
    elementGroup: -1
    m_TextureGroup: -1
  - m_Indexes: 540000005500000056000000550000005700000056000000
    m_SmoothingGroup: 0
    m_Uv:
      m_UseWorldSpace: 0
      m_FlipU: 0
      m_FlipV: 0
      m_SwapUV: 0
      m_Fill: 1
      m_Scale: {x: 1, y: 1}
      m_Offset: {x: 0, y: 0}
      m_Rotation: 0
      m_Anchor: 9
    m_Material: {fileID: 0}
    m_SubmeshIndex: 0
    m_ManualUV: 0
    elementGroup: -1
    m_TextureGroup: -1
  - m_Indexes: 58000000590000005a000000590000005b0000005a000000
    m_SmoothingGroup: 0
    m_Uv:
      m_UseWorldSpace: 0
      m_FlipU: 0
      m_FlipV: 0
      m_SwapUV: 0
      m_Fill: 1
      m_Scale: {x: 1, y: 1}
      m_Offset: {x: 0, y: 0}
      m_Rotation: 0
      m_Anchor: 9
    m_Material: {fileID: 0}
    m_SubmeshIndex: 0
    m_ManualUV: 0
    elementGroup: -1
    m_TextureGroup: -1
  - m_Indexes: 5c0000005d0000005e0000005d0000005f0000005e000000
    m_SmoothingGroup: 0
    m_Uv:
      m_UseWorldSpace: 0
      m_FlipU: 0
      m_FlipV: 0
      m_SwapUV: 0
      m_Fill: 1
      m_Scale: {x: 1, y: 1}
      m_Offset: {x: 0, y: 0}
      m_Rotation: 0
      m_Anchor: 9
    m_Material: {fileID: 0}
    m_SubmeshIndex: 0
    m_ManualUV: 0
    elementGroup: -1
    m_TextureGroup: -1
  - m_Indexes: 600000006100000062000000610000006300000062000000
    m_SmoothingGroup: 0
    m_Uv:
      m_UseWorldSpace: 0
      m_FlipU: 0
      m_FlipV: 0
      m_SwapUV: 0
      m_Fill: 1
      m_Scale: {x: 1, y: 1}
      m_Offset: {x: 0, y: 0}
      m_Rotation: 0
      m_Anchor: 9
    m_Material: {fileID: 0}
    m_SubmeshIndex: 0
    m_ManualUV: 0
    elementGroup: -1
    m_TextureGroup: -1
  - m_Indexes: 640000006500000066000000650000006700000066000000
    m_SmoothingGroup: 0
    m_Uv:
      m_UseWorldSpace: 0
      m_FlipU: 0
      m_FlipV: 0
      m_SwapUV: 0
      m_Fill: 1
      m_Scale: {x: 1, y: 1}
      m_Offset: {x: 0, y: 0}
      m_Rotation: 0
      m_Anchor: 9
    m_Material: {fileID: 0}
    m_SubmeshIndex: 0
    m_ManualUV: 0
    elementGroup: -1
    m_TextureGroup: -1
  - m_Indexes: 68000000690000006a000000690000006b0000006a000000
    m_SmoothingGroup: 0
    m_Uv:
      m_UseWorldSpace: 0
      m_FlipU: 0
      m_FlipV: 0
      m_SwapUV: 0
      m_Fill: 1
      m_Scale: {x: 1, y: 1}
      m_Offset: {x: 0, y: 0}
      m_Rotation: 0
      m_Anchor: 9
    m_Material: {fileID: 0}
    m_SubmeshIndex: 0
    m_ManualUV: 0
    elementGroup: -1
    m_TextureGroup: -1
  - m_Indexes: 6c0000006d0000006e0000006d0000006f0000006e000000
    m_SmoothingGroup: 0
    m_Uv:
      m_UseWorldSpace: 0
      m_FlipU: 0
      m_FlipV: 0
      m_SwapUV: 0
      m_Fill: 1
      m_Scale: {x: 1, y: 1}
      m_Offset: {x: 0, y: 0}
      m_Rotation: 0
      m_Anchor: 9
    m_Material: {fileID: 0}
    m_SubmeshIndex: 0
    m_ManualUV: 0
    elementGroup: -1
    m_TextureGroup: -1
  - m_Indexes: 700000007100000072000000710000007300000072000000
    m_SmoothingGroup: 0
    m_Uv:
      m_UseWorldSpace: 0
      m_FlipU: 0
      m_FlipV: 0
      m_SwapUV: 0
      m_Fill: 1
      m_Scale: {x: 1, y: 1}
      m_Offset: {x: 0, y: 0}
      m_Rotation: 0
      m_Anchor: 9
    m_Material: {fileID: 0}
    m_SubmeshIndex: 0
    m_ManualUV: 0
    elementGroup: -1
    m_TextureGroup: -1
  - m_Indexes: 740000007500000076000000750000007700000076000000
    m_SmoothingGroup: 0
    m_Uv:
      m_UseWorldSpace: 0
      m_FlipU: 0
      m_FlipV: 0
      m_SwapUV: 0
      m_Fill: 1
      m_Scale: {x: 1, y: 1}
      m_Offset: {x: 0, y: 0}
      m_Rotation: 0
      m_Anchor: 9
    m_Material: {fileID: 0}
    m_SubmeshIndex: 0
    m_ManualUV: 0
    elementGroup: -1
    m_TextureGroup: -1
  - m_Indexes: 78000000790000007a000000790000007b0000007a000000
    m_SmoothingGroup: 0
    m_Uv:
      m_UseWorldSpace: 0
      m_FlipU: 0
      m_FlipV: 0
      m_SwapUV: 0
      m_Fill: 1
      m_Scale: {x: 1, y: 1}
      m_Offset: {x: 0, y: 0}
      m_Rotation: 0
      m_Anchor: 9
    m_Material: {fileID: 0}
    m_SubmeshIndex: 0
    m_ManualUV: 0
    elementGroup: -1
    m_TextureGroup: -1
  - m_Indexes: 7c0000007d0000007e0000007d0000007f0000007e000000
    m_SmoothingGroup: 0
    m_Uv:
      m_UseWorldSpace: 0
      m_FlipU: 0
      m_FlipV: 0
      m_SwapUV: 0
      m_Fill: 1
      m_Scale: {x: 1, y: 1}
      m_Offset: {x: 0, y: 0}
      m_Rotation: 0
      m_Anchor: 9
    m_Material: {fileID: 0}
    m_SubmeshIndex: 0
    m_ManualUV: 0
    elementGroup: -1
    m_TextureGroup: -1
  - m_Indexes: 800000008100000082000000810000008300000082000000
    m_SmoothingGroup: 0
    m_Uv:
      m_UseWorldSpace: 0
      m_FlipU: 0
      m_FlipV: 0
      m_SwapUV: 0
      m_Fill: 1
      m_Scale: {x: 1, y: 1}
      m_Offset: {x: 0, y: 0}
      m_Rotation: 0
      m_Anchor: 9
    m_Material: {fileID: 0}
    m_SubmeshIndex: 0
    m_ManualUV: 0
    elementGroup: -1
    m_TextureGroup: -1
  - m_Indexes: 840000008500000086000000850000008700000086000000
    m_SmoothingGroup: 0
    m_Uv:
      m_UseWorldSpace: 0
      m_FlipU: 0
      m_FlipV: 0
      m_SwapUV: 0
      m_Fill: 1
      m_Scale: {x: 1, y: 1}
      m_Offset: {x: 0, y: 0}
      m_Rotation: 0
      m_Anchor: 9
    m_Material: {fileID: 0}
    m_SubmeshIndex: 0
    m_ManualUV: 0
    elementGroup: -1
    m_TextureGroup: -1
  - m_Indexes: 88000000890000008a000000890000008b0000008a000000
    m_SmoothingGroup: 0
    m_Uv:
      m_UseWorldSpace: 0
      m_FlipU: 0
      m_FlipV: 0
      m_SwapUV: 0
      m_Fill: 1
      m_Scale: {x: 1, y: 1}
      m_Offset: {x: 0, y: 0}
      m_Rotation: 0
      m_Anchor: 9
    m_Material: {fileID: 0}
    m_SubmeshIndex: 0
    m_ManualUV: 0
    elementGroup: -1
    m_TextureGroup: -1
  - m_Indexes: 8c0000008d0000008e0000008d0000008f0000008e000000
    m_SmoothingGroup: 0
    m_Uv:
      m_UseWorldSpace: 0
      m_FlipU: 0
      m_FlipV: 0
      m_SwapUV: 0
      m_Fill: 1
      m_Scale: {x: 1, y: 1}
      m_Offset: {x: 0, y: 0}
      m_Rotation: 0
      m_Anchor: 9
    m_Material: {fileID: 0}
    m_SubmeshIndex: 0
    m_ManualUV: 0
    elementGroup: -1
    m_TextureGroup: -1
  - m_Indexes: 900000009100000092000000910000009300000092000000
    m_SmoothingGroup: 0
    m_Uv:
      m_UseWorldSpace: 0
      m_FlipU: 0
      m_FlipV: 0
      m_SwapUV: 0
      m_Fill: 1
      m_Scale: {x: 1, y: 1}
      m_Offset: {x: 0, y: 0}
      m_Rotation: 0
      m_Anchor: 9
    m_Material: {fileID: 0}
    m_SubmeshIndex: 0
    m_ManualUV: 0
    elementGroup: -1
    m_TextureGroup: -1
  - m_Indexes: 940000009500000096000000950000009700000096000000
    m_SmoothingGroup: 0
    m_Uv:
      m_UseWorldSpace: 0
      m_FlipU: 0
      m_FlipV: 0
      m_SwapUV: 0
      m_Fill: 1
      m_Scale: {x: 1, y: 1}
      m_Offset: {x: 0, y: 0}
      m_Rotation: 0
      m_Anchor: 9
    m_Material: {fileID: 0}
    m_SubmeshIndex: 0
    m_ManualUV: 0
    elementGroup: -1
    m_TextureGroup: -1
  m_SharedVertices:
  - m_Vertices: 000000001a0000001f000000
  - m_Vertices: 0d00000016000000180000001d000000
  - m_Vertices: 010000001b0000002c00000035000000
  - m_Vertices: 220000003e00000047000000
  - m_Vertices: 2e000000370000003c00000045000000
  - m_Vertices: 040000001700000019000000280000002d000000
  - m_Vertices: 200000003f0000004c00000055000000
  - m_Vertices: 3a0000005e00000067000000
  - m_Vertices: 4e000000570000005c00000065000000
  - m_Vertices: 2a0000002f0000003d000000480000004d000000
  - m_Vertices: 380000005f0000006c00000075000000
  - m_Vertices: 5a0000007e00000087000000
  - m_Vertices: 6e000000770000007c00000085000000
  - m_Vertices: 4a0000004f0000005d000000680000006d000000
  - m_Vertices: 580000007f0000008c00000095000000
  - m_Vertices: 7a0000008e00000097000000
  - m_Vertices: 6a0000006f0000007d000000880000008d000000
  - m_Vertices: 780000008a0000008f000000
  - m_Vertices: 020000001e00000027000000
  - m_Vertices: 0f000000100000001c00000025000000
  - m_Vertices: 03000000260000003100000034000000
  - m_Vertices: 230000004300000046000000
  - m_Vertices: 33000000360000004100000044000000
  - m_Vertices: 0600000011000000240000002900000030000000
  - m_Vertices: 21000000420000005100000054000000
  - m_Vertices: 3b0000006300000066000000
  - m_Vertices: 53000000560000006100000064000000
  - m_Vertices: 2b00000032000000400000004900000050000000
  - m_Vertices: 39000000620000007100000074000000
  - m_Vertices: 5b0000008300000086000000
  - m_Vertices: 73000000760000008100000084000000
  - m_Vertices: 4b00000052000000600000006900000070000000
  - m_Vertices: 59000000820000009100000094000000
  - m_Vertices: 7b0000009300000096000000
  - m_Vertices: 6b00000072000000800000008900000090000000
  - m_Vertices: 790000008b00000092000000
  - m_Vertices: 050000000800000015000000
  - m_Vertices: 070000000a00000013000000
  - m_Vertices: 090000000c00000014000000
  - m_Vertices: 0b0000000e00000012000000
  m_SharedTextures: []
  m_Positions:
  - {x: 0, y: 0, z: -5.25}
  - {x: 0.54999995, y: 0, z: -5.25}
  - {x: 0, y: 4.05, z: -5.25}
  - {x: 0.54999995, y: 4.05, z: -5.25}
  - {x: 0.54999995, y: 0, z: -5.75}
  - {x: 0.54999995, y: 0, z: -7.750004}
  - {x: 0.54999995, y: 4.05, z: -5.75}
  - {x: 0.54999995, y: 4.05, z: -7.750004}
  - {x: 0.54999995, y: 0, z: -7.750004}
  - {x: 0, y: 0, z: -7.750004}
  - {x: 0.54999995, y: 4.05, z: -7.750004}
  - {x: 0, y: 4.05, z: -7.750004}
  - {x: 0, y: 0, z: -7.750004}
  - {x: 0, y: 0, z: -5.75}
  - {x: 0, y: 4.05, z: -7.750004}
  - {x: 0, y: 4.05, z: -5.75}
  - {x: 0, y: 4.05, z: -5.75}
  - {x: 0.54999995, y: 4.05, z: -5.75}
  - {x: 0, y: 4.05, z: -7.750004}
  - {x: 0.54999995, y: 4.05, z: -7.750004}
  - {x: 0, y: 0, z: -7.750004}
  - {x: 0.54999995, y: 0, z: -7.750004}
  - {x: 0, y: 0, z: -5.75}
  - {x: 0.54999995, y: 0, z: -5.75}
  - {x: 0, y: 0, z: -5.75}
  - {x: 0.54999995, y: 0, z: -5.75}
  - {x: 0, y: 0, z: -5.25}
  - {x: 0.54999995, y: 0, z: -5.25}
  - {x: 0, y: 4.05, z: -5.75}
  - {x: 0, y: 0, z: -5.75}
  - {x: 0, y: 4.05, z: -5.25}
  - {x: 0, y: 0, z: -5.25}
  - {x: 8.55, y: 0, z: -5.75}
  - {x: 8.55, y: 4.05, z: -5.75}
  - {x: 8.55, y: 0, z: -5.25}
  - {x: 8.55, y: 4.05, z: -5.25}
  - {x: 0.54999995, y: 4.05, z: -5.75}
  - {x: 0, y: 4.05, z: -5.75}
  - {x: 0.54999995, y: 4.05, z: -5.25}
  - {x: 0, y: 4.05, z: -5.25}
  - {x: 0.54999995, y: 0, z: -5.75}
  - {x: 0.54999995, y: 4.05, z: -5.75}
  - {x: 8.05, y: 0, z: -5.75}
  - {x: 8.05, y: 4.05, z: -5.75}
  - {x: 0.54999995, y: 0, z: -5.25}
  - {x: 0.54999995, y: 0, z: -5.75}
  - {x: 8.05, y: 0, z: -5.25}
  - {x: 8.05, y: 0, z: -5.75}
  - {x: 0.54999995, y: 4.05, z: -5.75}
  - {x: 0.54999995, y: 4.05, z: -5.25}
  - {x: 8.05, y: 4.05, z: -5.75}
  - {x: 8.05, y: 4.05, z: -5.25}
  - {x: 0.54999995, y: 4.05, z: -5.25}
  - {x: 0.54999995, y: 0, z: -5.25}
  - {x: 8.05, y: 4.05, z: -5.25}
  - {x: 8.05, y: 0, z: -5.25}
  - {x: 8.05, y: 0, z: -12.25}
  - {x: 8.05, y: 4.05, z: -12.25}
  - {x: 8.55, y: 0, z: -12.25}
  - {x: 8.55, y: 4.05, z: -12.25}
  - {x: 8.05, y: 0, z: -5.25}
  - {x: 8.05, y: 0, z: -5.75}
  - {x: 8.55, y: 0, z: -5.25}
  - {x: 8.55, y: 0, z: -5.75}
  - {x: 8.05, y: 4.05, z: -5.75}
  - {x: 8.05, y: 4.05, z: -5.25}
  - {x: 8.55, y: 4.05, z: -5.75}
  - {x: 8.55, y: 4.05, z: -5.25}
  - {x: 8.05, y: 4.05, z: -5.25}
  - {x: 8.05, y: 0, z: -5.25}
  - {x: 8.55, y: 4.05, z: -5.25}
  - {x: 8.55, y: 0, z: -5.25}
  - {x: 8.05, y: 0, z: -5.75}
  - {x: 8.05, y: 4.05, z: -5.75}
  - {x: 8.05, y: 0, z: -11.75}
  - {x: 8.05, y: 4.05, z: -11.75}
  - {x: 8.55, y: 0, z: -5.75}
  - {x: 8.05, y: 0, z: -5.75}
  - {x: 8.55, y: 0, z: -11.75}
  - {x: 8.05, y: 0, z: -11.75}
  - {x: 8.05, y: 4.05, z: -5.75}
  - {x: 8.55, y: 4.05, z: -5.75}
  - {x: 8.05, y: 4.05, z: -11.75}
  - {x: 8.55, y: 4.05, z: -11.75}
  - {x: 8.55, y: 4.05, z: -5.75}
  - {x: 8.55, y: 0, z: -5.75}
  - {x: 8.55, y: 4.05, z: -11.75}
  - {x: 8.55, y: 0, z: -11.75}
  - {x: 0.0038409233, y: 0, z: -11.75}
  - {x: 0.0038409233, y: 4.05, z: -11.75}
  - {x: 0.0038409233, y: 0, z: -12.25}
  - {x: 0.0038409233, y: 4.05, z: -12.25}
  - {x: 8.55, y: 0, z: -11.75}
  - {x: 8.05, y: 0, z: -11.75}
  - {x: 8.55, y: 0, z: -12.25}
  - {x: 8.05, y: 0, z: -12.25}
  - {x: 8.05, y: 4.05, z: -11.75}
  - {x: 8.55, y: 4.05, z: -11.75}
  - {x: 8.05, y: 4.05, z: -12.25}
  - {x: 8.55, y: 4.05, z: -12.25}
  - {x: 8.55, y: 4.05, z: -11.75}
  - {x: 8.55, y: 0, z: -11.75}
  - {x: 8.55, y: 4.05, z: -12.25}
  - {x: 8.55, y: 0, z: -12.25}
  - {x: 8.05, y: 0, z: -11.75}
  - {x: 8.05, y: 4.05, z: -11.75}
  - {x: 0.5500002, y: 0, z: -11.75}
  - {x: 0.5500002, y: 4.05, z: -11.75}
  - {x: 8.05, y: 0, z: -12.25}
  - {x: 8.05, y: 0, z: -11.75}
  - {x: 0.5500002, y: 0, z: -12.25}
  - {x: 0.5500002, y: 0, z: -11.75}
  - {x: 8.05, y: 4.05, z: -11.75}
  - {x: 8.05, y: 4.05, z: -12.25}
  - {x: 0.5500002, y: 4.05, z: -11.75}
  - {x: 0.5500002, y: 4.05, z: -12.25}
  - {x: 8.05, y: 4.05, z: -12.25}
  - {x: 8.05, y: 0, z: -12.25}
  - {x: 0.5500002, y: 4.05, z: -12.25}
  - {x: 0.5500002, y: 0, z: -12.25}
  - {x: 0.5500002, y: 0, z: -9.75}
  - {x: 0.5500002, y: 4.05, z: -9.75}
  - {x: 0.0038409233, y: 0, z: -9.75}
  - {x: 0.0038409233, y: 4.05, z: -9.75}
  - {x: 0.5500002, y: 0, z: -12.25}
  - {x: 0.5500002, y: 0, z: -11.75}
  - {x: 0.0038409233, y: 0, z: -12.25}
  - {x: 0.0038409233, y: 0, z: -11.75}
  - {x: 0.5500002, y: 4.05, z: -11.75}
  - {x: 0.5500002, y: 4.05, z: -12.25}
  - {x: 0.0038409233, y: 4.05, z: -11.75}
  - {x: 0.0038409233, y: 4.05, z: -12.25}
  - {x: 0.5500002, y: 4.05, z: -12.25}
  - {x: 0.5500002, y: 0, z: -12.25}
  - {x: 0.0038409233, y: 4.05, z: -12.25}
  - {x: 0.0038409233, y: 0, z: -12.25}
  - {x: 0.5500002, y: 0, z: -11.75}
  - {x: 0.5500002, y: 4.05, z: -11.75}
  - {x: 0.5500002, y: 0, z: -9.75}
  - {x: 0.5500002, y: 4.05, z: -9.75}
  - {x: 0.0038409233, y: 0, z: -11.75}
  - {x: 0.5500002, y: 0, z: -11.75}
  - {x: 0.0038409233, y: 0, z: -9.75}
  - {x: 0.5500002, y: 0, z: -9.75}
  - {x: 0.5500002, y: 4.05, z: -11.75}
  - {x: 0.0038409233, y: 4.05, z: -11.75}
  - {x: 0.5500002, y: 4.05, z: -9.75}
  - {x: 0.0038409233, y: 4.05, z: -9.75}
  - {x: 0.0038409233, y: 4.05, z: -11.75}
  - {x: 0.0038409233, y: 0, z: -11.75}
  - {x: 0.0038409233, y: 4.05, z: -9.75}
  - {x: 0.0038409233, y: 0, z: -9.75}
  m_Textures0:
  - {x: 0, y: 0}
  - {x: -0.54999995, y: 0}
  - {x: 0, y: 4.05}
  - {x: -0.54999995, y: 4.05}
  - {x: -5.75, y: 0}
  - {x: -7.750004, y: 0}
  - {x: -5.75, y: 4.05}
  - {x: -7.750004, y: 4.05}
  - {x: 0.54999995, y: 0}
  - {x: 0, y: 0}
  - {x: 0.54999995, y: 4.05}
  - {x: 0, y: 4.05}
  - {x: 7.750004, y: 0}
  - {x: 5.75, y: 0}
  - {x: 7.750004, y: 4.05}
  - {x: 5.75, y: 4.05}
  - {x: 0, y: -5.75}
  - {x: 0.54999995, y: -5.75}
  - {x: 0, y: -7.750004}
  - {x: 0.54999995, y: -7.750004}
  - {x: 0, y: -7.750004}
  - {x: -0.54999995, y: -7.750004}
  - {x: 0, y: -5.75}
  - {x: -0.54999995, y: -5.75}
  - {x: 0, y: -5.75}
  - {x: -0.54999995, y: -5.75}
  - {x: 0, y: -5.25}
  - {x: -0.54999995, y: -5.25}
  - {x: 5.75, y: 4.05}
  - {x: 5.75, y: 0}
  - {x: 5.25, y: 4.05}
  - {x: 5.25, y: 0}
  - {x: -5.75, y: 0}
  - {x: -5.75, y: 4.05}
  - {x: -5.25, y: 0}
  - {x: -5.25, y: 4.05}
  - {x: 0.54999995, y: -5.75}
  - {x: 0, y: -5.75}
  - {x: 0.54999995, y: -5.25}
  - {x: 0, y: -5.25}
  - {x: 0.54999995, y: 0}
  - {x: 0.54999995, y: 4.05}
  - {x: 8.05, y: 0}
  - {x: 8.05, y: 4.05}
  - {x: -0.54999995, y: -5.25}
  - {x: -0.54999995, y: -5.75}
  - {x: -8.05, y: -5.25}
  - {x: -8.05, y: -5.75}
  - {x: 0.54999995, y: -5.75}
  - {x: 0.54999995, y: -5.25}
  - {x: 8.05, y: -5.75}
  - {x: 8.05, y: -5.25}
  - {x: -0.54999995, y: 4.05}
  - {x: -0.54999995, y: 0}
  - {x: -8.05, y: 4.05}
  - {x: -8.05, y: 0}
  - {x: 8.05, y: 0}
  - {x: 8.05, y: 4.05}
  - {x: 8.55, y: 0}
  - {x: 8.55, y: 4.05}
  - {x: -8.05, y: -5.25}
  - {x: -8.05, y: -5.75}
  - {x: -8.55, y: -5.25}
  - {x: -8.55, y: -5.75}
  - {x: 8.05, y: -5.75}
  - {x: 8.05, y: -5.25}
  - {x: 8.55, y: -5.75}
  - {x: 8.55, y: -5.25}
  - {x: -8.05, y: 4.05}
  - {x: -8.05, y: 0}
  - {x: -8.55, y: 4.05}
  - {x: -8.55, y: 0}
  - {x: 5.75, y: 0}
  - {x: 5.75, y: 4.05}
  - {x: 11.75, y: 0}
  - {x: 11.75, y: 4.05}
  - {x: -8.55, y: -5.75}
  - {x: -8.05, y: -5.75}
  - {x: -8.55, y: -11.75}
  - {x: -8.05, y: -11.75}
  - {x: 8.05, y: -5.75}
  - {x: 8.55, y: -5.75}
  - {x: 8.05, y: -11.75}
  - {x: 8.55, y: -11.75}
  - {x: -5.75, y: 4.05}
  - {x: -5.75, y: 0}
  - {x: -11.75, y: 4.05}
  - {x: -11.75, y: 0}
  - {x: 11.75, y: 0}
  - {x: 11.75, y: 4.05}
  - {x: 12.25, y: 0}
  - {x: 12.25, y: 4.05}
  - {x: -8.55, y: -11.75}
  - {x: -8.05, y: -11.75}
  - {x: -8.55, y: -12.25}
  - {x: -8.05, y: -12.25}
  - {x: 8.05, y: -11.75}
  - {x: 8.55, y: -11.75}
  - {x: 8.05, y: -12.25}
  - {x: 8.55, y: -12.25}
  - {x: -11.75, y: 4.05}
  - {x: -11.75, y: 0}
  - {x: -12.25, y: 4.05}
  - {x: -12.25, y: 0}
  - {x: -8.05, y: 0}
  - {x: -8.05, y: 4.05}
  - {x: -0.5500002, y: 0}
  - {x: -0.5500002, y: 4.05}
  - {x: -8.05, y: -12.25}
  - {x: -8.05, y: -11.75}
  - {x: -0.5500002, y: -12.25}
  - {x: -0.5500002, y: -11.75}
  - {x: 8.05, y: -11.75}
  - {x: 8.05, y: -12.25}
  - {x: 0.5500002, y: -11.75}
  - {x: 0.5500002, y: -12.25}
  - {x: 8.05, y: 4.05}
  - {x: 8.05, y: 0}
  - {x: 0.5500002, y: 4.05}
  - {x: 0.5500002, y: 0}
  - {x: -0.5500002, y: 0}
  - {x: -0.5500002, y: 4.05}
  - {x: -0.0038409233, y: 0}
  - {x: -0.0038409233, y: 4.05}
  - {x: -0.5500002, y: -12.25}
  - {x: -0.5500002, y: -11.75}
  - {x: -0.0038409233, y: -12.25}
  - {x: -0.0038409233, y: -11.75}
  - {x: 0.5500002, y: -11.75}
  - {x: 0.5500002, y: -12.25}
  - {x: 0.0038409233, y: -11.75}
  - {x: 0.0038409233, y: -12.25}
  - {x: 0.5500002, y: 4.05}
  - {x: 0.5500002, y: 0}
  - {x: 0.0038409233, y: 4.05}
  - {x: 0.0038409233, y: 0}
  - {x: -11.75, y: 0}
  - {x: -11.75, y: 4.05}
  - {x: -9.75, y: 0}
  - {x: -9.75, y: 4.05}
  - {x: -0.0038409233, y: -11.75}
  - {x: -0.5500002, y: -11.75}
  - {x: -0.0038409233, y: -9.75}
  - {x: -0.5500002, y: -9.75}
  - {x: 0.5500002, y: -11.75}
  - {x: 0.0038409233, y: -11.75}
  - {x: 0.5500002, y: -9.75}
  - {x: 0.0038409233, y: -9.75}
  - {x: 11.75, y: 4.05}
  - {x: 11.75, y: 0}
  - {x: 9.75, y: 4.05}
  - {x: 9.75, y: 0}
  m_Textures2: []
  m_Textures3: []
  m_Tangents:
  - {x: -1, y: 0, z: 0, w: -1}
  - {x: -1, y: 0, z: 0, w: -1}
  - {x: -1, y: 0, z: 0, w: -1}
  - {x: -1, y: 0, z: 0, w: -1}
  - {x: 0, y: 0, z: 1, w: -1}
  - {x: 0, y: 0, z: 1, w: -1}
  - {x: 0, y: 0, z: 1, w: -1}
  - {x: 0, y: 0, z: 1, w: -1}
  - {x: 1, y: 0, z: 0, w: -1}
  - {x: 1, y: 0, z: 0, w: -1}
  - {x: 1, y: 0, z: 0, w: -1}
  - {x: 1, y: 0, z: 0, w: -1}
  - {x: 0, y: 0, z: -1, w: -1}
  - {x: 0, y: 0, z: -1, w: -1}
  - {x: 0, y: 0, z: -1, w: -1}
  - {x: 0, y: 0, z: -1, w: -1}
  - {x: 1, y: 0, z: 0, w: -1}
  - {x: 1, y: 0, z: 0, w: -1}
  - {x: 1, y: 0, z: 0, w: -1}
  - {x: 1, y: 0, z: 0, w: -1}
  - {x: -1, y: 0, z: 0, w: -1}
  - {x: -1, y: 0, z: 0, w: -1}
  - {x: -1, y: 0, z: 0, w: -1}
  - {x: -1, y: 0, z: 0, w: -1}
  - {x: -1, y: 0, z: 0, w: -1}
  - {x: -1, y: 0, z: 0, w: -1}
  - {x: -1, y: 0, z: 0, w: -1}
  - {x: -1, y: 0, z: 0, w: -1}
  - {x: 0, y: 0, z: -1, w: -1}
  - {x: 0, y: 0, z: -1, w: -1}
  - {x: 0, y: 0, z: -1, w: -1}
  - {x: 0, y: 0, z: -1, w: -1}
  - {x: 0, y: 0, z: 1, w: -1}
  - {x: 0, y: 0, z: 1, w: -1}
  - {x: 0, y: 0, z: 1, w: -1}
  - {x: 0, y: 0, z: 1, w: -1}
  - {x: 1, y: 0, z: 0, w: -1}
  - {x: 1, y: 0, z: 0, w: -1}
  - {x: 1, y: 0, z: 0, w: -1}
  - {x: 1, y: 0, z: 0, w: -1}
  - {x: 1, y: 0, z: 0, w: -1}
  - {x: 1, y: 0, z: 0, w: -1}
  - {x: 1, y: 0, z: 0, w: -1}
  - {x: 1, y: 0, z: 0, w: -1}
  - {x: -1, y: 0, z: 0, w: -1}
  - {x: -1, y: 0, z: 0, w: -1}
  - {x: -1, y: 0, z: 0, w: -1}
  - {x: -1, y: 0, z: 0, w: -1}
  - {x: 1, y: 0, z: 0, w: -1}
  - {x: 1, y: 0, z: 0, w: -1}
  - {x: 1, y: 0, z: 0, w: -1}
  - {x: 1, y: 0, z: 0, w: -1}
  - {x: -1, y: 0, z: 0, w: -1}
  - {x: -1, y: 0, z: 0, w: -1}
  - {x: -1, y: 0, z: 0, w: -1}
  - {x: -1, y: 0, z: 0, w: -1}
  - {x: 1, y: 0, z: 0, w: -1}
  - {x: 1, y: 0, z: 0, w: -1}
  - {x: 1, y: 0, z: 0, w: -1}
  - {x: 1, y: 0, z: 0, w: -1}
  - {x: -1, y: 0, z: 0, w: -1}
  - {x: -1, y: 0, z: 0, w: -1}
  - {x: -1, y: 0, z: 0, w: -1}
  - {x: -1, y: 0, z: 0, w: -1}
  - {x: 1, y: 0, z: 0, w: -1}
  - {x: 1, y: 0, z: 0, w: -1}
  - {x: 1, y: 0, z: 0, w: -1}
  - {x: 1, y: 0, z: 0, w: -1}
  - {x: -1, y: 0, z: 0, w: -1}
  - {x: -1, y: 0, z: 0, w: -1}
  - {x: -1, y: 0, z: 0, w: -1}
  - {x: -1, y: 0, z: 0, w: -1}
  - {x: 0, y: 0, z: -1, w: -1}
  - {x: 0, y: 0, z: -1, w: -1}
  - {x: 0, y: 0, z: -1, w: -1}
  - {x: 0, y: 0, z: -1, w: -1}
  - {x: -1, y: 0, z: 0, w: -1}
  - {x: -1, y: 0, z: 0, w: -1}
  - {x: -1, y: 0, z: 0, w: -1}
  - {x: -1, y: 0, z: 0, w: -1}
  - {x: 1, y: 0, z: 0, w: -1}
  - {x: 1, y: 0, z: 0, w: -1}
  - {x: 1, y: 0, z: 0, w: -1}
  - {x: 1, y: 0, z: 0, w: -1}
  - {x: 0, y: 0, z: 1, w: -1}
  - {x: 0, y: 0, z: 1, w: -1}
  - {x: 0, y: 0, z: 1, w: -1}
  - {x: 0, y: 0, z: 1, w: -1}
  - {x: 0, y: 0, z: -1, w: -1}
  - {x: 0, y: 0, z: -1, w: -1}
  - {x: 0, y: 0, z: -1, w: -1}
  - {x: 0, y: 0, z: -1, w: -1}
  - {x: -1, y: 0, z: 0, w: -1}
  - {x: -1, y: 0, z: 0, w: -1}
  - {x: -1, y: 0, z: 0, w: -1}
  - {x: -1, y: 0, z: 0, w: -1}
  - {x: 1, y: 0, z: 0, w: -1}
  - {x: 1, y: 0, z: 0, w: -1}
  - {x: 1, y: 0, z: 0, w: -1}
  - {x: 1, y: 0, z: 0, w: -1}
  - {x: 0, y: 0, z: 1, w: -1}
  - {x: 0, y: 0, z: 1, w: -1}
  - {x: 0, y: 0, z: 1, w: -1}
  - {x: 0, y: 0, z: 1, w: -1}
  - {x: -1, y: 0, z: 0, w: -1}
  - {x: -1, y: 0, z: 0, w: -1}
  - {x: -1, y: 0, z: 0, w: -1}
  - {x: -1, y: 0, z: 0, w: -1}
  - {x: -1, y: 0, z: 0, w: -1}
  - {x: -1, y: 0, z: 0, w: -1}
  - {x: -1, y: 0, z: 0, w: -1}
  - {x: -1, y: 0, z: 0, w: -1}
  - {x: 1, y: 0, z: 0, w: -1}
  - {x: 1, y: 0, z: 0, w: -1}
  - {x: 1, y: 0, z: 0, w: -1}
  - {x: 1, y: 0, z: 0, w: -1}
  - {x: 1, y: 0, z: 0, w: -1}
  - {x: 1, y: 0, z: 0, w: -1}
  - {x: 1, y: 0, z: 0, w: -1}
  - {x: 1, y: 0, z: 0, w: -1}
  - {x: -1, y: 0, z: 0, w: -1}
  - {x: -1, y: 0, z: 0, w: -1}
  - {x: -1, y: 0, z: 0, w: -1}
  - {x: -1, y: 0, z: 0, w: -1}
  - {x: -1, y: 0, z: 0, w: -1}
  - {x: -1, y: 0, z: 0, w: -1}
  - {x: -1, y: 0, z: 0, w: -1}
  - {x: -1, y: 0, z: 0, w: -1}
  - {x: 1, y: 0, z: 0, w: -1}
  - {x: 1, y: 0, z: 0, w: -1}
  - {x: 1, y: 0, z: 0, w: -1}
  - {x: 1, y: 0, z: 0, w: -1}
  - {x: 1, y: 0, z: 0, w: -1}
  - {x: 1, y: 0, z: 0, w: -1}
  - {x: 1, y: 0, z: 0, w: -1}
  - {x: 1, y: 0, z: 0, w: -1}
  - {x: 0, y: 0, z: 1, w: -1}
  - {x: 0, y: 0, z: 1, w: -1}
  - {x: 0, y: 0, z: 1, w: -1}
  - {x: 0, y: 0, z: 1, w: -1}
  - {x: -1, y: 0, z: 0, w: -1}
  - {x: -1, y: 0, z: 0, w: -1}
  - {x: -1, y: 0, z: 0, w: -1}
  - {x: -1, y: 0, z: 0, w: -1}
  - {x: 1, y: 0, z: 0, w: -1}
  - {x: 1, y: 0, z: 0, w: -1}
  - {x: 1, y: 0, z: 0, w: -1}
  - {x: 1, y: 0, z: 0, w: -1}
  - {x: 0, y: 0, z: -1, w: -1}
  - {x: 0, y: 0, z: -1, w: -1}
  - {x: 0, y: 0, z: -1, w: -1}
  - {x: 0, y: 0, z: -1, w: -1}
  m_Colors: []
  m_UnwrapParameters:
    m_HardAngle: 88
    m_PackMargin: 20
    m_AngleError: 8
    m_AreaError: 15
  m_PreserveMeshAssetOnDestroy: 0
  assetGuid: 
  m_IsSelectable: 1
  m_SelectedFaces: 00000000
  m_SelectedEdges:
  - a: 0
    b: 0
  - a: 0
    b: 0
  - a: 0
    b: 0
  - a: 0
    b: 0
  m_SelectedVertices: 00000000000000000000000000000000
--- !u!64 &7170825077598715958
MeshCollider:
  m_ObjectHideFlags: 0
  m_CorrespondingSourceObject: {fileID: 0}
  m_PrefabInstance: {fileID: 0}
  m_PrefabAsset: {fileID: 0}
  m_GameObject: {fileID: 7170825077598715961}
  m_Material: {fileID: 0}
  m_IsTrigger: 0
  m_Enabled: 1
  serializedVersion: 4
  m_Convex: 0
  m_CookingOptions: 30
  m_Mesh: {fileID: 0}
--- !u!1 &7170825077630718441
GameObject:
  m_ObjectHideFlags: 0
  m_CorrespondingSourceObject: {fileID: 0}
  m_PrefabInstance: {fileID: 0}
  m_PrefabAsset: {fileID: 0}
  serializedVersion: 6
  m_Component:
  - component: {fileID: 7170825077630718434}
  - component: {fileID: 7170825077630718437}
  - component: {fileID: 7170825077630718436}
  - component: {fileID: 7170825077630718439}
  - component: {fileID: 7170825077630718438}
  m_Layer: 0
  m_Name: Cube (1)
  m_TagString: Untagged
  m_Icon: {fileID: 0}
  m_NavMeshLayer: 0
  m_StaticEditorFlags: 0
  m_IsActive: 1
--- !u!4 &7170825077630718434
Transform:
  m_ObjectHideFlags: 0
  m_CorrespondingSourceObject: {fileID: 0}
  m_PrefabInstance: {fileID: 0}
  m_PrefabAsset: {fileID: 0}
  m_GameObject: {fileID: 7170825077630718441}
  m_LocalRotation: {x: -0, y: -0, z: -0, w: 1}
  m_LocalPosition: {x: -8.659627, y: 5.66486, z: -0.6808243}
  m_LocalScale: {x: 1, y: 1, z: 1}
  m_Children: []
  m_Father: {fileID: 7064032731114336882}
  m_RootOrder: 0
  m_LocalEulerAnglesHint: {x: 0, y: 0, z: 0}
--- !u!33 &7170825077630718437
MeshFilter:
  m_ObjectHideFlags: 0
  m_CorrespondingSourceObject: {fileID: 0}
  m_PrefabInstance: {fileID: 0}
  m_PrefabAsset: {fileID: 0}
  m_GameObject: {fileID: 7170825077630718441}
  m_Mesh: {fileID: 0}
--- !u!23 &7170825077630718436
MeshRenderer:
  m_ObjectHideFlags: 0
  m_CorrespondingSourceObject: {fileID: 0}
  m_PrefabInstance: {fileID: 0}
  m_PrefabAsset: {fileID: 0}
  m_GameObject: {fileID: 7170825077630718441}
  m_Enabled: 1
  m_CastShadows: 1
  m_ReceiveShadows: 1
  m_DynamicOccludee: 1
  m_MotionVectors: 1
  m_LightProbeUsage: 1
  m_ReflectionProbeUsage: 1
  m_RayTracingMode: 2
  m_RenderingLayerMask: 1
  m_RendererPriority: 0
  m_Materials:
  - {fileID: 2100000, guid: 25a9fb42d361f46ad89221f6d301e96e, type: 2}
  m_StaticBatchInfo:
    firstSubMesh: 0
    subMeshCount: 0
  m_StaticBatchRoot: {fileID: 0}
  m_ProbeAnchor: {fileID: 0}
  m_LightProbeVolumeOverride: {fileID: 0}
  m_ScaleInLightmap: 1
  m_ReceiveGI: 1
  m_PreserveUVs: 0
  m_IgnoreNormalsForChartDetection: 0
  m_ImportantGI: 0
  m_StitchLightmapSeams: 1
  m_SelectedEditorRenderState: 2
  m_MinimumChartSize: 4
  m_AutoUVMaxDistance: 0.5
  m_AutoUVMaxAngle: 89
  m_LightmapParameters: {fileID: 0}
  m_SortingLayerID: 0
  m_SortingLayer: 0
  m_SortingOrder: 0
--- !u!114 &7170825077630718439
MonoBehaviour:
  m_ObjectHideFlags: 0
  m_CorrespondingSourceObject: {fileID: 0}
  m_PrefabInstance: {fileID: 0}
  m_PrefabAsset: {fileID: 0}
  m_GameObject: {fileID: 7170825077630718441}
  m_Enabled: 1
  m_EditorHideFlags: 0
  m_Script: {fileID: 11500000, guid: 8233d90336aea43098adf6dbabd606a2, type: 3}
  m_Name: 
  m_EditorClassIdentifier: 
  m_MeshFormatVersion: 1
  m_Faces:
  - m_Indexes: 000000000100000002000000010000000300000002000000
    m_SmoothingGroup: 0
    m_Uv:
      m_UseWorldSpace: 0
      m_FlipU: 0
      m_FlipV: 0
      m_SwapUV: 0
      m_Fill: 1
      m_Scale: {x: 1, y: 1}
      m_Offset: {x: 0, y: 0}
      m_Rotation: 0
      m_Anchor: 9
    m_Material: {fileID: 0}
    m_SubmeshIndex: 0
    m_ManualUV: 0
    elementGroup: -1
    m_TextureGroup: -1
  - m_Indexes: 040000000500000006000000050000000700000006000000
    m_SmoothingGroup: 0
    m_Uv:
      m_UseWorldSpace: 0
      m_FlipU: 0
      m_FlipV: 0
      m_SwapUV: 0
      m_Fill: 1
      m_Scale: {x: 1, y: 1}
      m_Offset: {x: 0, y: 0}
      m_Rotation: 0
      m_Anchor: 9
    m_Material: {fileID: 0}
    m_SubmeshIndex: 0
    m_ManualUV: 0
    elementGroup: -1
    m_TextureGroup: -1
  - m_Indexes: 08000000090000000a000000090000000b0000000a000000
    m_SmoothingGroup: 0
    m_Uv:
      m_UseWorldSpace: 0
      m_FlipU: 0
      m_FlipV: 0
      m_SwapUV: 0
      m_Fill: 1
      m_Scale: {x: 1, y: 1}
      m_Offset: {x: 0, y: 0}
      m_Rotation: 0
      m_Anchor: 9
    m_Material: {fileID: 0}
    m_SubmeshIndex: 0
    m_ManualUV: 0
    elementGroup: -1
    m_TextureGroup: -1
  - m_Indexes: 0c0000000d0000000e0000000d0000000f0000000e000000
    m_SmoothingGroup: 0
    m_Uv:
      m_UseWorldSpace: 0
      m_FlipU: 0
      m_FlipV: 0
      m_SwapUV: 0
      m_Fill: 1
      m_Scale: {x: 1, y: 1}
      m_Offset: {x: 0, y: 0}
      m_Rotation: 0
      m_Anchor: 9
    m_Material: {fileID: 0}
    m_SubmeshIndex: 0
    m_ManualUV: 0
    elementGroup: -1
    m_TextureGroup: -1
  - m_Indexes: 100000001100000012000000110000001300000012000000
    m_SmoothingGroup: 0
    m_Uv:
      m_UseWorldSpace: 0
      m_FlipU: 0
      m_FlipV: 0
      m_SwapUV: 0
      m_Fill: 1
      m_Scale: {x: 1, y: 1}
      m_Offset: {x: 0, y: 0}
      m_Rotation: 0
      m_Anchor: 9
    m_Material: {fileID: 0}
    m_SubmeshIndex: 0
    m_ManualUV: 0
    elementGroup: -1
    m_TextureGroup: -1
  - m_Indexes: 140000001500000016000000150000001700000016000000
    m_SmoothingGroup: 0
    m_Uv:
      m_UseWorldSpace: 0
      m_FlipU: 0
      m_FlipV: 0
      m_SwapUV: 0
      m_Fill: 1
      m_Scale: {x: 1, y: 1}
      m_Offset: {x: 0, y: 0}
      m_Rotation: 0
      m_Anchor: 9
    m_Material: {fileID: 0}
    m_SubmeshIndex: 0
    m_ManualUV: 0
    elementGroup: -1
    m_TextureGroup: -1
  - m_Indexes: 18000000190000001a000000190000001b0000001a000000
    m_SmoothingGroup: 0
    m_Uv:
      m_UseWorldSpace: 0
      m_FlipU: 0
      m_FlipV: 0
      m_SwapUV: 0
      m_Fill: 1
      m_Scale: {x: 1, y: 1}
      m_Offset: {x: 0, y: 0}
      m_Rotation: 0
      m_Anchor: 9
    m_Material: {fileID: 0}
    m_SubmeshIndex: 0
    m_ManualUV: 0
    elementGroup: -1
    m_TextureGroup: -1
  - m_Indexes: 1c0000001d0000001e0000001d0000001f0000001e000000
    m_SmoothingGroup: 0
    m_Uv:
      m_UseWorldSpace: 0
      m_FlipU: 0
      m_FlipV: 0
      m_SwapUV: 0
      m_Fill: 1
      m_Scale: {x: 1, y: 1}
      m_Offset: {x: 0, y: 0}
      m_Rotation: 0
      m_Anchor: 9
    m_Material: {fileID: 0}
    m_SubmeshIndex: 0
    m_ManualUV: 0
    elementGroup: -1
    m_TextureGroup: -1
  - m_Indexes: 200000002100000022000000210000002300000022000000
    m_SmoothingGroup: 0
    m_Uv:
      m_UseWorldSpace: 0
      m_FlipU: 0
      m_FlipV: 0
      m_SwapUV: 0
      m_Fill: 1
      m_Scale: {x: 1, y: 1}
      m_Offset: {x: 0, y: 0}
      m_Rotation: 0
      m_Anchor: 9
    m_Material: {fileID: 0}
    m_SubmeshIndex: 0
    m_ManualUV: 0
    elementGroup: -1
    m_TextureGroup: -1
  - m_Indexes: 240000002500000026000000250000002700000026000000
    m_SmoothingGroup: 0
    m_Uv:
      m_UseWorldSpace: 0
      m_FlipU: 0
      m_FlipV: 0
      m_SwapUV: 0
      m_Fill: 1
      m_Scale: {x: 1, y: 1}
      m_Offset: {x: 0, y: 0}
      m_Rotation: 0
      m_Anchor: 9
    m_Material: {fileID: 0}
    m_SubmeshIndex: 0
    m_ManualUV: 0
    elementGroup: -1
    m_TextureGroup: -1
  - m_Indexes: 28000000290000002a000000290000002b0000002a000000
    m_SmoothingGroup: 0
    m_Uv:
      m_UseWorldSpace: 0
      m_FlipU: 0
      m_FlipV: 0
      m_SwapUV: 0
      m_Fill: 1
      m_Scale: {x: 1, y: 1}
      m_Offset: {x: 0, y: 0}
      m_Rotation: 0
      m_Anchor: 9
    m_Material: {fileID: 0}
    m_SubmeshIndex: 0
    m_ManualUV: 0
    elementGroup: -1
    m_TextureGroup: -1
  - m_Indexes: 2c0000002d0000002e0000002d0000002f0000002e000000
    m_SmoothingGroup: 0
    m_Uv:
      m_UseWorldSpace: 0
      m_FlipU: 0
      m_FlipV: 0
      m_SwapUV: 0
      m_Fill: 1
      m_Scale: {x: 1, y: 1}
      m_Offset: {x: 0, y: 0}
      m_Rotation: 0
      m_Anchor: 9
    m_Material: {fileID: 0}
    m_SubmeshIndex: 0
    m_ManualUV: 0
    elementGroup: -1
    m_TextureGroup: -1
  - m_Indexes: 300000003100000032000000310000003300000032000000
    m_SmoothingGroup: 0
    m_Uv:
      m_UseWorldSpace: 0
      m_FlipU: 0
      m_FlipV: 0
      m_SwapUV: 0
      m_Fill: 1
      m_Scale: {x: 1, y: 1}
      m_Offset: {x: 0, y: 0}
      m_Rotation: 0
      m_Anchor: 9
    m_Material: {fileID: 0}
    m_SubmeshIndex: 0
    m_ManualUV: 0
    elementGroup: -1
    m_TextureGroup: -1
  - m_Indexes: 340000003500000036000000350000003700000036000000
    m_SmoothingGroup: 0
    m_Uv:
      m_UseWorldSpace: 0
      m_FlipU: 0
      m_FlipV: 0
      m_SwapUV: 0
      m_Fill: 1
      m_Scale: {x: 1, y: 1}
      m_Offset: {x: 0, y: 0}
      m_Rotation: 0
      m_Anchor: 9
    m_Material: {fileID: 0}
    m_SubmeshIndex: 0
    m_ManualUV: 0
    elementGroup: -1
    m_TextureGroup: -1
  - m_Indexes: 38000000390000003a000000390000003b0000003a000000
    m_SmoothingGroup: 0
    m_Uv:
      m_UseWorldSpace: 0
      m_FlipU: 0
      m_FlipV: 0
      m_SwapUV: 0
      m_Fill: 1
      m_Scale: {x: 1, y: 1}
      m_Offset: {x: 0, y: 0}
      m_Rotation: 0
      m_Anchor: 9
    m_Material: {fileID: 0}
    m_SubmeshIndex: 0
    m_ManualUV: 0
    elementGroup: -1
    m_TextureGroup: -1
  - m_Indexes: 3c0000003d0000003e0000003d0000003f0000003e000000
    m_SmoothingGroup: 0
    m_Uv:
      m_UseWorldSpace: 0
      m_FlipU: 0
      m_FlipV: 0
      m_SwapUV: 0
      m_Fill: 1
      m_Scale: {x: 1, y: 1}
      m_Offset: {x: 0, y: 0}
      m_Rotation: 0
      m_Anchor: 9
    m_Material: {fileID: 0}
    m_SubmeshIndex: 0
    m_ManualUV: 0
    elementGroup: -1
    m_TextureGroup: -1
  - m_Indexes: 400000004100000042000000410000004300000042000000
    m_SmoothingGroup: 0
    m_Uv:
      m_UseWorldSpace: 0
      m_FlipU: 0
      m_FlipV: 0
      m_SwapUV: 0
      m_Fill: 1
      m_Scale: {x: 1, y: 1}
      m_Offset: {x: 0, y: 0}
      m_Rotation: 0
      m_Anchor: 9
    m_Material: {fileID: 0}
    m_SubmeshIndex: 0
    m_ManualUV: 0
    elementGroup: -1
    m_TextureGroup: -1
  - m_Indexes: 440000004500000046000000450000004700000046000000
    m_SmoothingGroup: 0
    m_Uv:
      m_UseWorldSpace: 0
      m_FlipU: 0
      m_FlipV: 0
      m_SwapUV: 0
      m_Fill: 1
      m_Scale: {x: 1, y: 1}
      m_Offset: {x: 0, y: 0}
      m_Rotation: 0
      m_Anchor: 9
    m_Material: {fileID: 0}
    m_SubmeshIndex: 0
    m_ManualUV: 0
    elementGroup: -1
    m_TextureGroup: -1
  m_SharedVertices:
  - m_Vertices: 000000000d00000016000000
  - m_Vertices: 0100000017000000180000003900000040000000
  - m_Vertices: 1d0000003b00000042000000
  - m_Vertices: 040000001a0000004100000044000000
  - m_Vertices: 1f0000004300000046000000
  - m_Vertices: 020000000f00000010000000
  - m_Vertices: 030000001100000025000000380000003d000000
  - m_Vertices: 1c0000003a0000003f000000
  - m_Vertices: 06000000270000003c00000045000000
  - m_Vertices: 1e0000003e00000047000000
  - m_Vertices: 050000001b0000002c00000035000000
  - m_Vertices: 220000002e00000037000000
  - m_Vertices: 080000001500000019000000280000002d000000
  - m_Vertices: 200000002a0000002f000000
  - m_Vertices: 07000000260000003100000034000000
  - m_Vertices: 230000003300000036000000
  - m_Vertices: 0a00000013000000240000002900000030000000
  - m_Vertices: 210000002b00000032000000
  - m_Vertices: 090000000c00000014000000
  - m_Vertices: 0b0000000e00000012000000
  m_SharedTextures: []
  m_Positions:
  - {x: 0, y: -0.5, z: 0}
  - {x: 0.55, y: 0, z: 0}
  - {x: 0, y: -0.19999999, z: 0}
  - {x: 0.55, y: 0.3, z: 0}
  - {x: 8.05, y: 0, z: 0}
  - {x: 8.05, y: 0, z: -2}
  - {x: 8.05, y: 0.29999995, z: 0}
  - {x: 8.05, y: 0.29999995, z: -2}
  - {x: 0.54999995, y: 0, z: -2}
  - {x: 0, y: -0.5, z: -2}
  - {x: 0.54999995, y: 0.29999995, z: -2}
  - {x: 0, y: -0.20000005, z: -2}
  - {x: 0, y: -0.5, z: -2}
  - {x: 0, y: -0.5, z: 0}
  - {x: 0, y: -0.20000005, z: -2}
  - {x: 0, y: -0.19999999, z: 0}
  - {x: 0, y: -0.19999999, z: 0}
  - {x: 0.55, y: 0.3, z: 0}
  - {x: 0, y: -0.20000005, z: -2}
  - {x: 0.54999995, y: 0.29999995, z: -2}
  - {x: 0, y: -0.5, z: -2}
  - {x: 0.54999995, y: 0, z: -2}
  - {x: 0, y: -0.5, z: 0}
  - {x: 0.55, y: 0, z: 0}
  - {x: 0.55, y: 0, z: 0}
  - {x: 0.54999995, y: 0, z: -2}
  - {x: 8.05, y: 0, z: 0}
  - {x: 8.05, y: 0, z: -2}
  - {x: 0.54999995, y: 0.29999995, z: 2}
  - {x: 0.54999995, y: 0, z: 2}
  - {x: 8.05, y: 0.29999995, z: 2}
  - {x: 8.05, y: 0, z: 2}
  - {x: 0.54999995, y: 0, z: -4}
  - {x: 0.54999995, y: 0.29999995, z: -4}
  - {x: 8.05, y: 0, z: -4}
  - {x: 8.05, y: 0.29999995, z: -4}
  - {x: 0.54999995, y: 0.29999995, z: -2}
  - {x: 0.55, y: 0.3, z: 0}
  - {x: 8.05, y: 0.29999995, z: -2}
  - {x: 8.05, y: 0.29999995, z: 0}
  - {x: 0.54999995, y: 0, z: -2}
  - {x: 0.54999995, y: 0.29999995, z: -2}
  - {x: 0.54999995, y: 0, z: -4}
  - {x: 0.54999995, y: 0.29999995, z: -4}
  - {x: 8.05, y: 0, z: -2}
  - {x: 0.54999995, y: 0, z: -2}
  - {x: 8.05, y: 0, z: -4}
  - {x: 0.54999995, y: 0, z: -4}
  - {x: 0.54999995, y: 0.29999995, z: -2}
  - {x: 8.05, y: 0.29999995, z: -2}
  - {x: 0.54999995, y: 0.29999995, z: -4}
  - {x: 8.05, y: 0.29999995, z: -4}
  - {x: 8.05, y: 0.29999995, z: -2}
  - {x: 8.05, y: 0, z: -2}
  - {x: 8.05, y: 0.29999995, z: -4}
  - {x: 8.05, y: 0, z: -4}
  - {x: 0.55, y: 0.3, z: 0}
  - {x: 0.55, y: 0, z: 0}
  - {x: 0.54999995, y: 0.29999995, z: 2}
  - {x: 0.54999995, y: 0, z: 2}
  - {x: 8.05, y: 0.29999995, z: 0}
  - {x: 0.55, y: 0.3, z: 0}
  - {x: 8.05, y: 0.29999995, z: 2}
  - {x: 0.54999995, y: 0.29999995, z: 2}
  - {x: 0.55, y: 0, z: 0}
  - {x: 8.05, y: 0, z: 0}
  - {x: 0.54999995, y: 0, z: 2}
  - {x: 8.05, y: 0, z: 2}
  - {x: 8.05, y: 0, z: 0}
  - {x: 8.05, y: 0.29999995, z: 0}
  - {x: 8.05, y: 0, z: 2}
  - {x: 8.05, y: 0.29999995, z: 2}
  m_Textures0:
  - {x: 0, y: -0.5}
  - {x: -0.55, y: 0}
  - {x: 0, y: -0.19999999}
  - {x: -0.55, y: 0.3}
  - {x: 0, y: 0}
  - {x: -2, y: 0}
  - {x: 0, y: 0.29999995}
  - {x: -2, y: 0.29999995}
  - {x: 0.54999995, y: 0}
  - {x: 0, y: -0.5}
  - {x: 0.54999995, y: 0.29999995}
  - {x: 0, y: -0.20000005}
  - {x: 2, y: -0.5}
  - {x: 0, y: -0.5}
  - {x: 2, y: -0.20000005}
  - {x: 0, y: -0.19999999}
  - {x: -0.13453455, y: -0.0000000032634213}
  - {x: 0.60876894, y: -0.0000000032634215}
  - {x: -0.1345346, y: -2}
  - {x: 0.6087688, y: -2}
  - {x: 0.3363364, y: -2}
  - {x: -0.40696698, y: -2}
  - {x: 0.3363364, y: 0}
  - {x: -0.40696704, y: 0}
  - {x: -0.55, y: 0}
  - {x: -0.54999995, y: -2}
  - {x: -8.05, y: 0}
  - {x: -8.05, y: -2}
  - {x: -0.54999995, y: 0.29999995}
  - {x: -0.54999995, y: 0}
  - {x: -8.05, y: 0.29999995}
  - {x: -8.05, y: 0}
  - {x: 0.54999995, y: 0}
  - {x: 0.54999995, y: 0.29999995}
  - {x: 8.05, y: 0}
  - {x: 8.05, y: 0.29999995}
  - {x: 0.54999995, y: -2}
  - {x: 0.55, y: 0.000000008940697}
  - {x: 8.05, y: -2}
  - {x: 8.05, y: 0.000000008940695}
  - {x: 2, y: 0}
  - {x: 2, y: 0.29999995}
  - {x: 4, y: 0}
  - {x: 4, y: 0.29999995}
  - {x: -8.05, y: -2}
  - {x: -0.54999995, y: -2}
  - {x: -8.05, y: -4}
  - {x: -0.54999995, y: -4}
  - {x: 0.54999995, y: -2}
  - {x: 8.05, y: -2}
  - {x: 0.54999995, y: -4}
  - {x: 8.05, y: -4}
  - {x: -2, y: 0.29999995}
  - {x: -2, y: 0}
  - {x: -4, y: 0.29999995}
  - {x: -4, y: 0}
  - {x: 0.000000016391278, y: 0.3}
  - {x: 0.000000016391278, y: 0}
  - {x: -2, y: 0.29999995}
  - {x: -2, y: 0}
  - {x: 8.05, y: 0}
  - {x: 0.55, y: 0}
  - {x: 8.05, y: 2}
  - {x: 0.54999995, y: 2}
  - {x: -0.55, y: 0}
  - {x: -8.05, y: 0}
  - {x: -0.54999995, y: 2}
  - {x: -8.05, y: 2}
  - {x: 0, y: 0}
  - {x: 0, y: 0.29999995}
  - {x: 2, y: 0}
  - {x: 2, y: 0.29999995}
  m_Textures2: []
  m_Textures3: []
  m_Tangents:
  - {x: -1, y: 0, z: 0, w: -1}
  - {x: -1, y: 0, z: 0, w: -1}
  - {x: -1, y: 0, z: 0, w: -1}
  - {x: -1, y: 0, z: 0, w: -1}
  - {x: 0, y: 0, z: 1, w: -1}
  - {x: 0, y: 0, z: 1, w: -1}
  - {x: 0, y: 0, z: 1, w: -1}
  - {x: 0, y: 0, z: 1, w: -1}
  - {x: 1, y: 0, z: 0, w: -1}
  - {x: 1, y: 0, z: 0, w: -1}
  - {x: 1, y: 0, z: 0, w: -1}
  - {x: 1, y: 0, z: 0, w: -1}
  - {x: 0, y: 0, z: -1, w: -1}
  - {x: 0, y: 0, z: -1, w: -1}
  - {x: 0, y: 0, z: -1, w: -1}
  - {x: 0, y: 0, z: -1, w: -1}
  - {x: 0.7399401, y: 0.6726728, z: 2.9872674e-16, w: -1}
  - {x: 0.73994005, y: 0.67267287, z: -5.6758084e-16, w: -1}
  - {x: 0.73994005, y: 0.67267287, z: -5.6758084e-16, w: -1}
  - {x: 0.73994005, y: 0.6726728, z: 0, w: -1}
  - {x: -0.73994005, y: -0.6726728, z: 0, w: -1}
  - {x: -0.73994005, y: -0.67267287, z: -5.974535e-16, w: -1}
  - {x: -0.73994005, y: -0.67267287, z: -5.974535e-16, w: -1}
  - {x: -0.7399401, y: -0.6726728, z: 0, w: -1}
  - {x: -1, y: 0, z: 0, w: -1}
  - {x: -1, y: 0, z: 0, w: -1}
  - {x: -1, y: 0, z: 0, w: -1}
  - {x: -1, y: 0, z: 0, w: -1}
  - {x: -1, y: 0, z: 0, w: -1}
  - {x: -1, y: 0, z: 0, w: -1}
  - {x: -1, y: 0, z: 0, w: -1}
  - {x: -1, y: 0, z: 0, w: -1}
  - {x: 1, y: 0, z: 0, w: -1}
  - {x: 1, y: 0, z: 0, w: -1}
  - {x: 1, y: 0, z: 0, w: -1}
  - {x: 1, y: 0, z: 0, w: -1}
  - {x: 1, y: 0, z: 0, w: -1}
  - {x: 1, y: -0.000000003973643, z: 1.184238e-16, w: -1}
  - {x: 1, y: -0.000000003973643, z: 1.184238e-16, w: -1}
  - {x: 1, y: -0.000000007947286, z: 2.368476e-16, w: -1}
  - {x: 0, y: 0, z: -1, w: -1}
  - {x: 0, y: 0, z: -1, w: -1}
  - {x: 0, y: 0, z: -1, w: -1}
  - {x: 0, y: 0, z: -1, w: -1}
  - {x: -1, y: 0, z: 0, w: -1}
  - {x: -1, y: 0, z: 0, w: -1}
  - {x: -1, y: 0, z: 0, w: -1}
  - {x: -1, y: 0, z: 0, w: -1}
  - {x: 1, y: 0, z: 0, w: -1}
  - {x: 1, y: 0, z: 0, w: -1}
  - {x: 1, y: 0, z: 0, w: -1}
  - {x: 1, y: 0, z: 0, w: -1}
  - {x: 0, y: 0, z: 1, w: -1}
  - {x: 0, y: 0, z: 1, w: -1}
  - {x: 0, y: 0, z: 1, w: -1}
  - {x: 0, y: 0, z: 1, w: -1}
  - {x: 0.000000029802322, y: 0, z: -1, w: -1}
  - {x: 0.000000029802322, y: 0, z: -1, w: -1}
  - {x: 0.000000029802322, y: 0, z: -1, w: -1}
  - {x: 0.000000029802322, y: 0, z: -1, w: -1}
  - {x: 1, y: -0.000000007947286, z: 0, w: -1}
  - {x: 1, y: -0.000000003973643, z: 0, w: -1}
  - {x: 1, y: -0.000000003973643, z: 0, w: -1}
  - {x: 1, y: 0, z: 0, w: -1}
  - {x: -1, y: 0, z: 0, w: -1}
  - {x: -1, y: 0, z: 0, w: -1}
  - {x: -1, y: 0, z: 0, w: -1}
  - {x: -1, y: 0, z: 0, w: -1}
  - {x: 0, y: 0, z: 1, w: -1}
  - {x: 0, y: 0, z: 1, w: -1}
  - {x: 0, y: 0, z: 1, w: -1}
  - {x: 0, y: 0, z: 1, w: -1}
  m_Colors: []
  m_UnwrapParameters:
    m_HardAngle: 88
    m_PackMargin: 20
    m_AngleError: 8
    m_AreaError: 15
  m_PreserveMeshAssetOnDestroy: 0
  assetGuid: 
  m_IsSelectable: 1
  m_SelectedFaces: 00000000
  m_SelectedEdges:
  - a: 0
    b: 0
  - a: 0
    b: 0
  - a: 0
    b: 0
  - a: 0
    b: 0
  m_SelectedVertices: 00000000000000000000000000000000
--- !u!64 &7170825077630718438
MeshCollider:
  m_ObjectHideFlags: 0
  m_CorrespondingSourceObject: {fileID: 0}
  m_PrefabInstance: {fileID: 0}
  m_PrefabAsset: {fileID: 0}
  m_GameObject: {fileID: 7170825077630718441}
  m_Material: {fileID: 0}
  m_IsTrigger: 0
  m_Enabled: 1
  serializedVersion: 4
  m_Convex: 0
  m_CookingOptions: 30
  m_Mesh: {fileID: 0}
--- !u!1 &7695608794260904267
GameObject:
  m_ObjectHideFlags: 0
  m_CorrespondingSourceObject: {fileID: 0}
  m_PrefabInstance: {fileID: 0}
  m_PrefabAsset: {fileID: 0}
  serializedVersion: 6
  m_Component:
  - component: {fileID: 7064032731114336882}
  m_Layer: 0
  m_Name: Room
  m_TagString: Untagged
  m_Icon: {fileID: 0}
  m_NavMeshLayer: 0
  m_StaticEditorFlags: 0
  m_IsActive: 1
--- !u!4 &7064032731114336882
Transform:
  m_ObjectHideFlags: 0
  m_CorrespondingSourceObject: {fileID: 0}
  m_PrefabInstance: {fileID: 0}
  m_PrefabAsset: {fileID: 0}
  m_GameObject: {fileID: 7695608794260904267}
  m_LocalRotation: {x: 0, y: 0, z: 0, w: 1}
  m_LocalPosition: {x: 6.159627, y: -5.91486, z: -85.069176}
  m_LocalScale: {x: 1, y: 1, z: 1}
  m_Children:
  - {fileID: 7170825077630718434}
  - {fileID: 7170825076379551444}
  - {fileID: 7170825077598715954}
  m_Father: {fileID: 0}
  m_RootOrder: 0
  m_LocalEulerAnglesHint: {x: 0, y: 0, z: 0}
